2792 4340
371 199 378 210 ’
453 207 711 262 Autousmtnort
727 209 821 262 unua
838 211 879 262 Vl.

179 383 266 446 quos,
290 365 365 426 duce
386 363 570 443 Teutagono,
594 364 678 426 crudi
699 381 781 426 mora
803 365 924 426 corticis
946 373 1038 428 armat

178 468 333 530 aequaque
356 467 410 510 nec
431 449 510 509 lerro
532 449 649 510 brevior
671 468 726 510 nee
748 450 865 529 rumpia
885 450 977 530 ligno.

179 555 236 596 nec
257 534 363 614 procul
384 533 515 595 albentes
538 534 654 612 gemina
674 535 743 596 ferit
764 535 864 614 aclyde
885 553 1011 614 palmas,

179 620 298 681 hiberni
320 618 372 698 qui
393 625 477 698 terga
497 619 577 680 Noae
602 619 790 698 gehdumque
812 621 909 680 securi

179 705 258 767 eruit
280 712 309 765 et
329 711 391 764 tota
412 723 473 764 non
496 703 577 765 audit
599 704 724 765 Alazona
747 705 811 785 ripa
1173 771 1175 776 ,

178 793 326 868 [quosque
348 789 439 849 Taras
460 788 637 868 niveumque
658 791 740 851 ferax
761 790 911 850 Erarcbus
932 790 1069 868 oloruml.

178 883 208 936 te
231 891 351 952 quoque
372 873 517 948 venturis,
537 874 644 952 ingens
667 875 847 948 Ariasmene,
870 875 974 936 saeclis

177 958 358 1032 tradiderim,
379 959 488 1019 molem
509 959 579 1020 belli
600 959 716 1038 lateque
737 960 882 1021 terentem

179 1043 312 1122 undique
334 1044 455 1104 falcatos
478 1045 590 1106 deserta
613 1063 668 1123 per
689 1062 817 1123 aequora
840 1062 956 1105 currus

179 1129 348 1208 insequitur
369 1129 518 1189 Drancaea
539 1129 666 1208 phalanx
688 1129 882 1208 claustrisque
904 1129 1019 1208 prolusi

179 1213 347 1293 Caspiadae,
370 1213 437 1292 quis
458 1213 544 1274 turba
566 1231 673 1274 eanum
695 1233 756 1275 non
778 1215 899 1292 segnius
921 1233 1004 1275 acres

178 1298 261 1359 exilit
282 1298 317 1359 ad
338 1297 428 1358 lituos
449 1315 625 1377 pugnasque
647 1299 774 1379 capessit
795 1299 892 1360 eriles.

178 1383 249 1444 inde
271 1383 357 1444 etiam
380 1400 434 1462 par
454 1383 559 1443 mertis
580 1383 678 1444 honos
699 1417 739 1428 -
761 1383 944 1462 tumulisque
966 1382 1079 1463 recepti

178 1468 259 1529 inter
279 1486 348 1528 avos
369 1501 411 1512 -·-
433 1467 609 1547 positusque
630 1468 741 1543 virum;
764 1487 832 1530 nant
852 1475 973 1548 pectora
994 1469 1074 1529 ferro

176 1552 385 1631 terribilesque
403 1553 514 1614 innexa
534 1552 618 1614 iubas
640 1553 701 1614 ruit
721 1553 837 1632 agmine
860 1553 946 1632 nigro

177 1637 344 1716 latratuque
366 1637 484 1712 cohors,
507 1645 619 1716 quanto
642 1646 727 1700 sonat
748 1639 867 1699 horrida
889 1638 964 1698 llitis

178 1721 267 1783 ianua
288 1723 333 1782 rel
356 1741 478 1801 superas
500 1721 624 1791 Hecates
646 1723 802 1783 comitatus
822 1723 854 1783 in
877 1740 973 1784 auras

177 1807 260 1868 ducit
281 1807 316 1868 ab
339 1806 483 1886 Hyrcanis
504 1814 583 1868 rates
606 1825 690 1878 sacer
710 1808 826 1886 agmina
849 1807 924 1868 lucis

176 1891 296 1966 Vanus;
319 1911 388 1953 eum
410 1891 545 1972 Scythiae
567 1892 623 1954 iam
645 1892 730 1953 tertia
750 1892 862 1954 viderat
883 1899 961 1954 aetas

176 1977 381 2055 magnanimos
402 1976 516 2056 llinpas
538 1977 694 2056 Argoaque
715 1977 778 2037 vela
799 1984 963 2038 canentem.

176 2061 258 2122 illius
280 2069 309 2122 et
331 2061 405 2122 dites
427 2061 548 2123 monitis
570 2062 787 2141 spondentibus
807 2062 873 2123 Indi

176 2153 208 2208 et
229 2145 482 2225 centumgeminae
504 2147 600 2225 hagea
621 2146 734 2208 novalia
756 2147 872 2208 Thebes

176 2238 299 2309 totaque
319 2229 452 2310 Rhipaeo
475 2231 619 2294 Panchaia
641 2238 724 2310 rapta
746 2231 907 2311 triumpho.

176 2315 307 2376 discolor
328 2315 454 2376 hastatas
477 2315 579 2377 effudit
600 2315 719 2376 hiberia
741 2324 861 2392 turmas,

176 2418 252 2480 quas
274 2400 389 2476 Otaces,
412 2418 486 2479 quas
507 2401 603 2461 Latris
624 2409 717 2480 agunt
738 2408 767 2461 et
787 2409 890 2480 raptor
911 2418 1045 2462 amorum

175 2485 304 2559 Neurus,
328 2492 357 2547 et
379 2492 512 2564 expertes
534 2485 668 2547 canentis
690 2485 806 2565 lazyges
828 2485 900 2546 aevi.

176 2589 306 2648 namque
326 2570 378 2631 ubi
400 2569 457 2630 iam
479 2570 615 2650 viresque
636 2570 709 2632 aliae
730 2579 888 2650 motusque
909 2571 1017 2634 refutat

175 2673 265 2716 arcus
288 2663 316 2715 et
336 2655 474 2734 inceptus
496 2655 554 2716 iam
575 2655 677 2717 lancea
698 2655 803 2717 temnit
825 2655 915 2730 erilis,

174 2739 372 2818 magnanimis
393 2758 458 2799 mos
480 2739 587 2801 ductus
608 2741 678 2814 avis,
700 2740 772 2801 haut
794 2741 895 2819 segnia
916 2740 1020 2801 mortis

173 2825 242 2888 iura
262 2825 332 2904 pati,
355 2825 455 2906 dextra
476 2825 528 2884 sed
549 2843 633 2886 carae
655 2824 832 2886 occumbere
852 2823 945 2904 prolis

174 2927 248 2970 ense
271 2910 353 2984 dato;
376 2917 579 2988 rumpuntque
601 2927 698 2970 moras
720 2917 868 2987 natusque
890 2925 1067 2988 parensque,

174 2993 263 3054 antbo
285 2993 400 3067 animia,
422 2993 507 3054 ambo
529 2993 630 3055 miseri
652 3002 710 3056 tam
732 2993 860 3054 fortibus
881 2994 963 3056 actis.

174 3078 226 3138 hic
249 3086 277 3138 et
299 3079 420 3140 odorato
442 3079 588 3158 spirantes
612 3079 695 3140 crine
715 3079 848 3160 Mycael·
929 3140 933 3147 ,

175 3163 378 3243 Cessaeaeque
399 3181 514 3238 manus,
537 3173 567 3225 et
584 3165 640 3243 qui
661 3173 712 3226 tua
734 3165 836 3244 iugera
858 3163 991 3224 nondum
1176 3171 1220 3221 130

158 3400 220 3451 100.
238 3411 321 3448 novae
337 3414 366 3460 0,
384 3398 467 3450 Norae
487 3397 514 3462 0,
531 3397 602 3450 Noae
618 3399 643 3452 J.
660 3428 695 3437 -
712 3416 735 3450 0.
756 3401 805 3451 102
823 3399 927 3448 alienus
945 3398 977 3448 00
997 3399 1046 3448 hoo
1065 3397 1123 3448 loeo
1142 3400 1168 3445 et

79 3468 210 3530 fortasse
225 3471 287 3530 post
303 3481 326 3515 0.
346 3469 377 3518 61
397 3467 620 3532 000000000000.
693 3469 749 3522 106.
767 3466 898 3533 Drangaea
915 3464 939 3516 J.
1010 3467 1067 3518 115.
1086 3463 1167 3514 Varus

78 3537 107 3600 0,
128 3536 243 3587 Vannus
258 3531 305 3586 Ta.
325 3533 385 3596 (cfr.
399 3533 459 3586 Tae.
474 3535 545 3586 Ans.
563 3535 593 3600 ll,
611 3537 652 3599 63,
661 3533 712 3599 llll,
721 3536 774 3598 29).
845 3535 901 3586 tta.
919 3536 1046 3600 notusque
1063 3549 1096 3594 n,
1115 3545 1168 3580 mo·

76 3609 181 3670 tusque
200 3601 247 3652 He.
317 3604 374 3654 125.
392 3601 475 3654 dietus
491 3619 526 3667 π,
541 3600 634 3681 duetus
651 3602 675 3653 J.
693 3633 723 3642 -
744 3601 831 3654 Martis
849 3602 892 3653 Pe.
905 3602 1073 3668 (Honcarm.
1089 3599 1108 3663 l,
1127 3600 1167 3661 28,

75 3727 136 3788 an).
183 3685 617 3787 129.mycae1n‚mycaol¹m,
646 3721 752 3772 macene
779 3721 814 3785 o,
836 3717 920 3775 'snio
947 3719 993 3771 rs.
1034 3718 1167 3769 00000

74 3790 191 3856 reliqui
208 3787 340 3838 ttoromm
357 3791 533 3855 scripturam,
558 3804 617 3856 cum
635 3789 711 3842 nulla
729 3788 831 3854 001000,
849 3805 916 3856 quae
934 3789 1053 3853 01100000
1071 3786 1169 3837 habeut

73 3861 140 3912 0οη·
158 3858 285 3923 spectatu,
303 3858 413 3907 inventa
430 3860 466 3906 sit
483 3857 638 3909 emendatio.
693 3859 749 3910 130.
768 3857 935 3924 Cissaeaeque
953 3855 1030 3908 Schr.
