2792 4340
408 237 661 294 ARGONAVTlCON
679 239 774 294 LlBER
792 243 822 294 V.

133 394 294 474 respuerit,
317 395 373 454 iam
396 412 477 454 nnnc
499 395 613 455 animos
634 397 747 457 ilintate
769 395 914 476 repulsae,

133 498 254 560 quaque
277 479 320 539 via
342 479 445 558 patriis
466 479 629 540 reseramus
651 480 757 542 vellera
781 482 877 555 terris,

133 574 193 626 stet
213 564 331 643 potius:
354 564 444 626 rebus
466 583 583 643 semper
605 566 701 642 pudor
722 565 798 626 absit
820 567 850 627 in
873 562 963 628 artis.¹

133 651 256 723 dixerat,
280 657 308 710 et
329 649 494 729 Scythicam
517 650 622 728 quise
645 650 823 712 comitentur
844 652 880 711 ad
901 652 1004 714 urbem

133 741 216 796 sorte
236 734 319 813 petit,
343 751 529 812 numeroque
551 751 657 796 novem
679 736 830 797 ducuntur
851 736 887 796 ab
910 738 999 798 omni.

133 819 299 881 indevium
323 837 381 897 qua
404 818 514 880 Circaei
537 819 622 898 plaga
644 820 777 899 proxima
799 823 894 900 campi

134 904 302 983 corripiunt
325 921 485 982 regemque
507 912 612 982 petunt
634 904 691 965 iarn
713 905 780 966 luce
803 906 931 967 reducta.

178 990 266 1050 Forte
288 990 376 1049 deum
398 988 485 1050 variis
506 1006 561 1066 per
583 998 699 1050 noctem
722 991 822 1051 territa
844 991 994 1064 monstris,

134 1081 268 1135 senserat
290 1081 322 1133 ut
344 1075 444 1152 pulsas
466 1073 583 1134 tandem
607 1075 707 1135 Medea
729 1075 876 1146 tenebrae,

134 1167 218 1237 rapta
240 1159 313 1218 toris
334 1158 422 1236 primi
445 1157 529 1218 iubar
550 1158 585 1218 ad
608 1159 748 1237 placabile
771 1159 881 1220 Phoebi

134 1245 195 1304 ibat
218 1251 246 1303 et
267 1243 430 1304 horrendas
453 1243 606 1304 lustrantia
627 1243 748 1304 llumina
775 1253 886 1305 noctes.

134 1347 264 1405 namque
286 1335 440 1406 soporatos
460 1328 555 1388 tacitis
577 1328 608 1388 in
632 1327 751 1388 sedibus
772 1337 853 1388 artuts

134 1415 206 1474 dum
228 1413 336 1490 premit
357 1412 413 1473 alta
435 1413 519 1490 quies
543 1412 700 1491 nullaeque
722 1414 752 1474 in
775 1414 889 1492 virgine
910 1431 1008 1486 curae,

132 1499 194 1558 visa
217 1515 326 1574 pavens
348 1498 434 1558 castis
456 1496 580 1558 Hecates
602 1498 743 1559 excedere
764 1499 855 1572 lucis;

134 1584 265 1660 dumque
288 1581 329 1660 pii
351 1582 425 1661 petit
445 1599 496 1642 ora
519 1583 619 1660 patris,
642 1583 722 1644 stetit
743 1585 853 1643 melitus
874 1583 952 1644 inter

132 1675 246 1747 pontus
269 1675 297 1727 et
319 1667 431 1745 ingenti
454 1667 565 1726 circum
587 1669 748 1746 stupefacta
771 1668 929 1746 profundo,

132 1754 225 1813 tratre
246 1759 343 1811 tamen
367 1759 492 1812 conante
514 1752 614 1829 sequi:
638 1769 705 1812 mox
728 1759 804 1812 stare
827 1761 965 1830 paventes

132 1837 245 1897 viderat
267 1836 379 1898 intenta
402 1853 511 1914 pueros
534 1853 607 1897 nece
630 1853 721 1914 seque
744 1844 921 1897 nomentum

134 1939 276 2001 spargere
298 1921 386 1982 caede
407 1939 513 1981 manus
537 1929 566 1982 et
587 1921 698 1982 lumina
721 1938 859 2000 rumpere
881 1922 960 1980 lietu.

132 2007 181 2067 his
205 2005 318 2066 turbata
339 2006 428 2066 minis
449 2007 554 2066 lluvios
575 2006 730 2084 ripamque
753 2005 870 2084 petebat

134 2091 269 2151 Phasidis
292 2090 406 2168 aequali
428 2089 599 2168 Scythidum
621 2091 778 2152 comitante
801 2099 922 2151 caterva.

134 2178 226 2236 florea
249 2193 302 2253 per
323 2176 405 2236 verni
428 2175 522 2252 qualis
545 2176 612 2253 iuga
635 2175 718 2236 eluxit
739 2175 866 2254 Hymetti

133 2269 186 2321 aut
209 2260 306 2320 Sicula
329 2259 384 2319 sub
407 2278 481 2338 rupe
504 2260 611 2321 choros
633 2260 704 2320 hinc
727 2260 877 2338 gressibus
900 2260 1024 2320 haerens

132 2344 268 2405 Pallados
291 2344 360 2405 hinc
382 2363 466 2404 carae
489 2344 664 2422 Proserpina
688 2345 787 2404 iuncta
810 2344 927 2414 Dianae,

132 2430 222 2490 altior
243 2448 277 2490 ac
298 2428 379 2490 nulla
401 2428 542 2489 connitum
565 2436 705 2502 certante,
729 2429 812 2507 prius
835 2445 922 2506 quam

132 2514 240 2594 palluit
263 2523 291 2574 et
311 2513 374 2573 viso
397 2513 502 2592 pulsus
525 2515 615 2574 decor
636 2513 732 2574 omnis
756 2516 886 2574 Averno:

132 2599 201 2660 talis
224 2599 304 2658 etin
326 2598 406 2658 vittis
429 2598 561 2676 geminae
584 2615 650 2658 curn
674 2598 786 2658 lumine
808 2598 908 2659 taedae

133 2683 253 2745 Colchis
275 2691 338 2744 erat
358 2683 491 2742 nondum
513 2683 637 2744 miseros
660 2699 746 2743 exosa
769 2691 915 2761 parentes.

133 2777 169 2829 ut
190 2768 294 2847 procul
318 2767 439 2828 extrudi
461 2768 564 2846 gelidis
586 2787 602 2827 a
623 2768 754 2828 fluminis
776 2767 864 2827 unciis

132 2853 229 2932 prima
252 2853 330 2912 viros
353 2853 440 2912 tacito
462 2852 533 2912 vidit
554 2853 714 2930 procedere
737 2868 835 2929 passu,

133 2937 266 2998 substitit
288 2955 322 2997 ao
343 2945 453 2998 maesto
477 2938 623 2998 nutricem
645 2937 739 2996 adata
761 2936 867 2996 timore
889 2944 947 2996 est:

128 3017 222 3100 ‘quae
243 3040 349 3082 manus
370 3022 457 3095 haec,
481 3030 561 3082 certo
584 3040 638 3082 cen
661 3039 708 3080 me
731 3028 810 3099 petat
831 3019 959 3098 agmine,
982 3028 1083 3093 mator,

132 3106 251 3167 advenit
272 3106 343 3166 haut
365 3107 462 3180 armis,
485 3106 563 3166 haud
584 3123 723 3184 umquam
747 3105 864 3184 cognita
886 3101 990 3165 cultu?

133 3209 245 3270 quaere
266 3191 375 3269 lugam,
398 3209 513 3269 precor,
537 3197 566 3252 et
587 3198 666 3251 tutos
689 3190 883 3268 circumspice
906 3183 1015 3248 saluus.³
1131 3199 1175 3250 355

133 3275 217 3338 audit
239 3275 362 3353 virginei
384 3284 483 3336 custos
507 3275 667 3354 grandaeva
689 3275 811 3354 pudoris

133 3360 298 3433 Henioche,
322 3360 419 3420 cultus
441 3360 529 3439 primi
552 3361 599 3421 cui
622 3360 751 3420 creditus
774 3359 854 3430 aevi;

134 3454 199 3506 tum
222 3444 366 3522 trepidam
387 3445 473 3506 dictis
495 3447 615 3506 firmans
637 3445 772 3505 hortatur
793 3443 950 3503 alumnam.
974 3511 978 3522 Ι

130 3526 208 3590 ‘non
231 3529 283 3588 tibi
306 3527 341 3588 ab
363 3530 448 3590 hoste
468 3531 566 3590 minae
588 3549 645 3590 nec
665 3525 718 3588 vis'
743 3529 783 3588 ait
802 3520 874 3588 ‘ulla
896 3525 1077 3606 propinquat

135 3633 193 3674 nec
214 3621 327 3686 metus;
351 3623 471 3675 externo
494 3617 550 3675 iam
572 3614 704 3675 flammea
725 3612 837 3673 murice
861 3631 950 3673 cerno
1131 3618 1175 3669 360

115 3817 177 3870 326.
197 3815 263 3881 petit
279 3827 308 3878 n,
326 3814 388 3882 legit
405 3812 456 3866 He.
510 3816 567 3866 338.
585 3813 660 3864 irater
679 3818 703 3863 et
722 3827 794 3864 amen
813 3817 934 3864 conantes
952 3810 1032 3875 quin,
1050 3810 1124 3860 tratre

39 3890 134 3939 tamen
156 3887 265 3935 conante
282 3882 354 3947 sequi
372 3880 399 3932 C,
