2764 4340
415 249 670 304 ARGONAVTIGON
689 251 782 306 LlBER
800 255 818 309 l.

160 425 192 487 in
214 423 336 486 hilldum
359 423 493 486 discessit
512 425 569 487 iter
589 427 753 506 fratresque
774 427 876 508 petivit

160 510 346 590 Tyndareos,
372 510 485 590 placida
507 519 537 572 et
557 511 660 572 mediis
681 513 712 573 in
735 513 882 574 frontihus
904 515 997 577 haesit

159 595 297 676 protinus
318 595 470 656 amhorum
493 596 652 676 lumenque
674 597 794 659 innoxia
815 599 912 660 fundit

160 699 356 762 purpureum,
381 681 497 742 miseris
519 682 589 742 olim
611 683 785 761 inplorahile
807 685 914 745 nautis.

245 766 360 828 Interea
381 766 477 827 medio
499 785 601 828 saevus
623 768 765 847 permissa
786 771 936 849 profundo

160 851 280 913 carbasa
302 851 434 930 Pangaea
456 853 564 913 Boreas
586 853 755 932 speculatus
776 853 812 914 ah
835 873 901 916 aree

162 936 304 997 continuo
327 935 456 998 Aeoliam
478 937 690 1020 Tyrrhenaque
711 939 804 1000 tendit
826 940 861 1000 ad
883 948 966 1002 antra

161 1021 305 1083 concitus.
350 1039 437 1082 omne
459 1021 505 1083 dei
527 1022 637 1103 rapidis
658 1042 763 1085 nemus
785 1024 907 1104 ingemit
928 1025 991 1102 alis,

161 1113 251 1167 strata
274 1106 370 1182 Cerea,
392 1115 535 1186 motuque
557 1109 643 1187 niger
663 1109 719 1169 suh
741 1118 879 1189 praepete
901 1119 1021 1190 pontus.

161 1209 291 1271 aequore
312 1192 464 1253 Trinacrio
486 1193 640 1272 refugique
663 1212 679 1254 a
701 1201 783 1273 parte
806 1195 903 1255 Pelori

159 1283 217 1338 stat
237 1295 327 1356 rupes
348 1277 495 1339 horrenda
516 1278 612 1339 fretis:
635 1285 709 1357 quot
729 1279 760 1339 in
783 1279 898 1340 aethera
920 1281 1016 1360 surgit

160 1360 297 1438 molibus,
318 1361 450 1423 infernas
470 1363 579 1424 totiens
601 1362 726 1424 demissa
747 1363 803 1425 suh
825 1365 930 1426 undas.

161 1465 216 1508 nec
238 1447 377 1526 scopulos
398 1455 449 1508 aut
469 1455 552 1509 antra
572 1448 671 1509 minor
691 1448 771 1510 iuxta
792 1448 882 1510 altera
903 1451 990 1512 tellus

161 1531 309 1593 cernitur:
331 1531 410 1593 illam
433 1533 554 1594 Acamas
574 1533 685 1594 hahitat
707 1534 865 1614 nudusque
887 1535 1062 1615 Pyragmon.
1099 1566 1103 1576 =

160 1617 213 1678 has
236 1615 328 1677 nimbi
349 1617 488 1698 ventique
510 1619 612 1680 domos
634 1625 663 1679 et
684 1620 823 1699 naufraga
846 1627 941 1681 servat

159 1708 334 1782 tempestas;
356 1702 426 1763 hinc
447 1703 478 1763 in
500 1710 593 1764 terras
615 1704 765 1783 latumque
786 1706 968 1784 profundum

158 1793 206 1848 est
226 1787 292 1862 iter,
314 1787 385 1848 hinc
406 1786 475 1848 olim
498 1789 576 1848 soliti
597 1787 721 1850 miscere
743 1789 905 1868 polumque

160 1871 322 1951 infelixque
343 1873 451 1933 fretum
473 1874 584 1951 (neque
606 1872 685 1934 enim
706 1880 779 1934 tunc
801 1873 909 1935 heolus
931 1873 988 1935 illis

160 1963 350 2033 rectorem,
373 1957 463 2038 Libya
485 1975 551 2018 cum
574 1965 726 2038 rumperet
746 1957 855 2020 advena
879 1958 987 2038 Calpen

162 2042 308 2118 Oceanus,
331 2060 398 2103 cum
419 2043 494 2103 flens
516 2043 632 2104 Siculos
654 2043 794 2104 Oenotria
815 2045 889 2105 flnes

158 2129 296 2208 perderet
317 2135 346 2188 et
366 2127 469 2190 mediis
489 2129 634 2189 intrarent
654 2128 805 2190 montihus
826 2129 945 2208 undae),

160 2212 289 2273 intonuit
311 2213 405 2274 donee
426 2213 537 2292 pauidis
559 2232 594 2274 ex
615 2215 732 2276 aethere
753 2214 848 2275 ventis

160 2297 349 2377 omnipotens
369 2315 530 2378 regemque
552 2297 640 2372 dedit,
663 2315 752 2377 quem
773 2298 852 2359 iussa
875 2299 969 2360 vereri

160 2401 244 2444 saeva
266 2383 387 2443 cohors:
410 2383 442 2444 in
464 2389 565 2444 monte
588 2382 707 2463 chalyhs
729 2383 890 2461 iterataque
910 2382 1004 2444 muris

159 2485 228 2528 saxa
249 2467 369 2528 domant
389 2467 495 2529 Euros.
539 2485 607 2529 cum
629 2468 686 2529 iam
709 2467 866 2548 prohibere
887 2465 1065 2530 frementum

159 2571 211 2614 ora
233 2552 346 2631 nequit,
368 2571 419 2614 rex
440 2560 512 2613 tunc
533 2553 629 2614 aditus
651 2561 680 2614 et
700 2553 827 2614 claustra
847 2553 984 2633 refringit

160 2637 225 2718 ipse
246 2636 348 2698 uolens
369 2637 523 2718 placatque
546 2638 610 2698 data
630 2639 691 2700 fera
712 2657 866 2700 murmura
887 2647 980 2719 porta.

161 2722 286 2783 nuntius
307 2723 388 2783 hunc
410 2722 484 2784 solio
505 2725 613 2784 Boreas
632 2725 786 2802 proturbat
807 2724 843 2784 ah
865 2724 932 2784 alto.

160 2807 304 2888 ‘Pangaea
326 2805 405 2887 quod
426 2806 462 2868 ah
484 2825 551 2869 arce
573 2809 663 2869 nefas'
685 2808 734 2882 ait,
757 2807 866 2883 ‘Aeolo
889 2808 963 2868 vidil

160 2891 246 2954 Graia
269 2911 373 2953 nouam
394 2892 473 2953 ferro
495 2893 602 2953 molem
624 2899 788 2954 commenta
810 2893 947 2953 inventus

160 2976 258 3058 pergit
279 2985 308 3039 el
329 2977 441 3056 ingenti
464 2977 593 3056 gaudem
616 2978 714 3038 domat
734 2995 862 3056 aequora
883 2977 956 3054 uelo,

161 3081 216 3124 nec
238 3061 310 3123 mihi
333 3062 450 3124 libertas
472 3063 538 3124 imis
559 3063 633 3123 freta
655 3063 758 3124 tollere
781 3061 907 3123 harenis.

160 3148 256 3227 qualis
279 3165 359 3208 eram
381 3148 513 3208 nondum
534 3147 638 3209 vinclis
660 3156 689 3208 et
710 3167 828 3209 earcere
850 3147 984 3208 claususl

160 3233 231 3294 hinc
252 3232 341 3293 animi
364 3240 550 3312 structaeque
572 3232 642 3293 viris
663 3233 769 3294 fiducia
791 3234 910 3312 puppis,

161 3317 242 3398 quod
262 3319 377 3378 Borean
399 3317 454 3378 suh
476 3335 545 3397 rege
567 3318 674 3379 videm.
720 3318 911 3397 demergere
933 3317 1036 3380 Graios

159 3403 354 3482 insanamque
375 3411 480 3464 ratem:
504 3405 547 3464 nil
569 3420 616 3488 me
637 3420 701 3464 mea
723 3403 848 3483 pignora
870 3410 1004 3484 tangunt,
1149 3410 1195 3462 605

158 3495 274 3549 tantum
296 3488 449 3549 hominum
472 3507 625 3568 compesce
646 3489 751 3564 minas,
773 3489 843 3549 dum
865 3489 949 3550 litora
972 3487 1051 3550 iuxta

160 3573 299 3634 Thessala
321 3573 447 3634 necdum
469 3573 541 3635 aliae
563 3574 700 3634 viderunt
721 3573 839 3634 carbasa
860 3575 974 3635 terrae!

144 3811 201 3863 572.
219 3809 285 3862 fudit
301 3807 355 3864 ΠΒ.
425 3812 483 3865 578.
501 3811 622 3876 motoque
640 3825 668 3874 n,
685 3813 822 3878 motusque
839 3809 897 3870 ΗΒ,
915 3812 1036 3878 motuque
1064 3807 1118 3865 lfa.

79 3875 125 3929 tat
144 3877 250 3930 totidem
268 3879 292 3934 J.
362 3881 420 3934 593.
439 3878 556 3930 cohoruis
574 3878 712 3944 (cohortos)
730 3895 758 3944 n,
776 3880 867 3931 cohors
884 3878 909 3930 in
929 3876 974 3932 Ca.
1029 3881 1090 3934 ooo.
1109 3893 1152 3946 pe-

78 3947 145 3998 ctem
161 3963 191 4012 π,
208 3948 314 4014 pignora
332 3947 370 3998 Pi.

127 4047 284 4090 norimus.
934 4033 949 4084 ²
