2792 4340
602 179 628 229 C.
647 175 764 228 VALERI
780 175 901 228 abacti

254 334 371 411 iamque
393 331 494 394 eadem
514 351 622 407 remos,
646 332 748 392 eadem
769 331 822 392 dea
843 329 935 392 lleetit
955 329 1106 407 habenas;

253 419 317 497 ipse
339 417 418 478 subit
440 418 579 496 nudaque
600 425 683 478 vocat
705 417 763 478 dux
785 416 901 494 agmina
924 415 1032 476 dextra

254 502 385 564 exoritur
407 510 495 563 notus
518 510 547 562 et
569 509 631 562 toto
653 501 724 562 ratis
746 519 812 564 uua
826 500 975 579 profundo

254 587 404 661 cernitur3
429 586 553 666 Odrysio
576 585 742 665 gaudebant
764 585 894 646 carmine
915 585 1037 664 phoeae.

254 679 399 752 apparent
419 671 526 751 trepidi
544 690 598 751 per
619 669 752 732 Phasidis
775 669 849 730 ostia
872 669 973 730 Colchi

255 757 488 834 clamantemque
510 757 616 836 procul
637 756 777 834 linquens
799 754 902 832 regina
923 759 1085 833 parentem.

253 842 325 902 urbs
348 850 409 902 erat
430 841 501 902 hino
523 848 627 902 oonua
648 840 767 918 gemino
789 839 961 900 eireumllua
983 845 1085 916 ponto,

254 927 341 987 ludus
364 926 415 986 ubi
438 935 468 986 et
489 934 592 987 santus
614 925 773 1004 taedaeque
794 925 826 984 in
848 930 935 986 noete
958 922 1075 1002 iugales

254 1011 405 1090 regalique
427 1019 492 1070 toro
516 1011 609 1072 laetus
632 1029 738 1090 gener:
762 1009 811 1069 ille
833 1009 964 1088 priorem

255 1096 379 1170 deserit;
403 1096 523 1156 ultrices
546 1103 680 1174 spectant
701 1114 717 1155 a
739 1093 868 1156 culmine
891 1093 980 1154 dirae.

254 1181 352 1242 deficit
374 1180 404 1241 in
426 1181 560 1262 thalamis
581 1181 756 1258 turbataque
777 1179 871 1258 peliee
894 1178 1025 1238 coniunx

255 1266 363 1346 pallam
385 1273 413 1326 et
435 1265 622 1345 gemmiferae
645 1266 756 1325 donum
778 1263 893 1324 exitiale
914 1280 1041 1324 eoronae

254 1358 377 1429 apparat
397 1359 465 1411 ante
478 1368 590 1411 omnes
612 1366 713 1412 seeum
736 1349 876 1428 dequesta
896 1347 1022 1408 leharea.

257 1453 382 1494 munere
404 1452 463 1513 quo
487 1434 595 1512 patrias
617 1433 718 1512 paelex
740 1440 863 1494 ornatur
885 1433 921 1493 ad
942 1451 1007 1493 aras

256 1518 373 1592 infelix3
397 1518 504 1580 etiam
526 1518 623 1580 rutilis
646 1526 782 1597 oorrepta
803 1517 924 1578 venenis

256 1602 378 1682 inplicat
400 1603 469 1682 igne
491 1603 603 1664 domos.
648 1603 721 1664 haee
742 1610 807 1664 tum
827 1601 968 1664 miracula
990 1599 1106 1662 Golohis

256 1695 402 1749 struxerat
423 1688 593 1768 ignipotens
615 1689 748 1755 nondum
770 1686 971 1761 noscentibus,
994 1685 1044 1748 ille

257 1773 324 1852 quis
346 1773 437 1849 labor,
460 1774 577 1854 aligeris
599 1781 650 1836 aut
671 1791 746 1853 quae
768 1778 848 1833 secet
868 1770 1014 1850 anguibus
1035 1787 1122 1830 auras

257 1858 345 1919 caede
367 1858 503 1919 madens:
527 1859 616 1920 odere
637 1867 734 1920 umen
757 1856 896 1934 visusque
917 1856 1082 1918 reflectunt.

299 1942 377 2012 Quin
399 1942 477 2002 idem
498 1942 610 2022 Minyas
633 1960 758 2020 operum
781 1941 936 2002 deflexerat
956 1940 1072 2014 horror,

257 2045 324 2086 eum
347 2043 378 2085 se
402 2026 470 2086 Sole
492 2033 572 2086 satus
594 2026 696 2106 patriis
718 2025 918 2104 penetralibus
939 2025 1038 2086 insert.

257 2110 336 2170 lilius
358 2109 440 2170 hune
462 2110 541 2170 iuxta
561 2111 665 2190 primis
688 2110 830 2189 Absyrtus
852 2109 1002 2184 mannis,

256 2195 363 2274 dignus
386 2213 438 2254 avo
461 2213 610 2274 quemque
630 2195 780 2258 insontem
801 2193 922 2256 meliora
940 2200 1103 2266 ¹manerent

255 2288 319 2342 tum
342 2298 433 2359 gener
456 2281 574 2342 Albanis
597 2281 701 2360 Styrus
723 2280 775 2359 qui
797 2281 952 2340 advenerat
973 2279 1043 2351 oris,
1061 2313 1079 2358 3

256 2365 430 2426 distulerant
452 2366 503 2426 sed
524 2365 600 2428 bella
621 2373 720 2440 toros;
744 2372 807 2426 tum
829 2363 969 2425 Phrontis
993 2372 1022 2424 et
1044 2365 1138 2442 Argus

210 2443 214 2452 ’
257 2449 393 2510 Aeolidae
414 2451 563 2528 fraterque
584 2450 690 2523 Melas,
713 2468 789 2527 quos
811 2450 921 2510 advena
942 2449 1069 2509 Phrixus

256 2533 431 2611 progenuit3
454 2533 623 2612 pariterque
645 2533 701 2594 levi
723 2533 873 2612 Cytisorus
896 2534 927 2594 in
948 2535 1040 2594 basta.

257 2616 412 2696 pastali,
436 2635 512 2696 quos
533 2616 694 2696 praecipuo
717 2617 832 2678 Titania
852 2617 940 2678 tellus

256 2701 328 2780 legit
349 2702 464 2762 honore
485 2710 600 2782 patres,
623 2702 755 2782 motique
777 2702 813 2763 ad
834 2704 945 2782 proelia
967 2719 1060 2780 reges.

256 2787 393 2848 admouet
414 2788 463 2849 hio
485 2788 582 2850 sooios
605 2788 802 2866 nebulamque
824 2788 954 2866 erumpit
974 2787 1071 2863 lason,

257 2871 369 2933 siderea
393 2891 443 2933 ora
464 2873 580 2935 lerens:
604 2893 679 2936 nova
700 2874 750 2935 lux
772 2873 866 2934 offusa
889 2872 1011 2952 Cytaeis.

258 2956 439 3018 conveniunt
460 2957 645 3035 lustrantque
667 2958 745 3019 viros
759 2957 957 3036 rogitantque,
981 2956 1052 3036 quid
1072 2956 1146 3031 ausi,

257 3040 362 3118 quidve
384 3040 489 3101 lerant.
534 3049 692 3120 postquam
714 3041 817 3122 primis
839 3042 981 3103 inhiantia
1004 3041 1088 3102 dietis

257 3124 373 3202 agruiua
396 3143 650 3205 suppressumque
672 3126 749 3204 ridet
770 3127 828 3188 iam
849 3145 985 3188 murmur
1006 3127 1103 3202 lason,
1153 3139 1157 3148 ’

257 3208 324 3268 talia
345 3209 475 3294 miranti
486 3210 610 3290 propior
631 3211 698 3272 tulit
719 3226 786 3272 orsa
807 3220 948 3291 tyranno:

254 3286 318 3352 ‘rex
340 3292 556 3372 Hyperionide,
580 3313 669 3375 quem
691 3315 746 3375 per
767 3296 840 3358 freta
863 3305 942 3358 tanta
963 3295 1126 3375 petendum

257 3377 412 3440 caelicolae
434 3387 463 3440 et
484 3380 579 3459 prima
601 3380 724 3460 dignum
746 3389 874 3443 statuere
895 3381 1003 3456 carina,

240 3546 299 3598 436.
317 3545 398 3598 nectit
418 3543 466 3597 Th.
553 3550 610 3602 437.
629 3548 684 3613 ipso
703 3563 731 3613 n,
748 3547 804 3613 ipse
825 3546 852 3604 C.
938 3549 997 3606 438.
1015 3549 1082 3598 torto
1099 3562 1133 3612 n,
1150 3543 1249 3598 totoC

172 3611 234 3664 Sub.
310 3615 368 3666 440.
387 3626 433 3679 per
452 3612 478 3679 0,
497 3629 546 3666 om.
564 3631 592 3668 π.
662 3618 720 3670 451.
738 3614 828 3667 domus
846 3632 881 3678 n,
898 3615 988 3666 domos
1007 3614 1069 3666 One.⁴
1128 3616 1187 3666 455.
1205 3613 1248 3666 de-

170 3677 261 3732 fixerat
277 3695 306 3746 n,
324 3680 462 3734 deflexerat
481 3680 537 3734 Cas.
555 3711 586 3720 -
607 3698 675 3736 error
692 3700 728 3748 u,
745 3681 834 3739 horror
850 3680 902 3736 Me.
923 3685 1002 3747 (369).
1082 3685 1141 3742 4662
1157 3681 1250 3734 sideris

171 3763 201 3804 π,
222 3746 317 3801 siderea
334 3745 386 3801 He.
474 3751 532 3804 461.
551 3751 714 3818 rogitantque
731 3750 800 3802 viros
818 3767 846 3816 n,
863 3751 1023 3818 lustrantque
1039 3751 1109 3804 viros
1130 3749 1186 3816 Ta,
1202 3749 1250 3801 sti-

170 3817 282 3881 pantque
300 3816 369 3868 viros
387 3815 434 3867 ta.
454 3815 489 3884 (p.
512 3819 563 3881 11).
631 3821 689 3870 470.
708 3818 812 3884 propius
829 3835 858 3884 n,
876 3818 980 3884 propior
998 3815 1060 3872 Sed.
