2792 4340
605 218 630 270 C.
648 217 766 270 VALERJ
782 217 893 270 rttccr

271 390 330 452 hoc
351 407 456 450 nemus
478 389 536 452 beu
559 390 625 452 fatis
646 390 719 451 mihi
741 389 799 450 iam
820 389 935 464 domuc,
958 388 1084 466 inproba
1106 408 1167 469 quo
1189 409 1245 451 me

272 473 407 555 Nympha
428 474 505 554 rapit
526 493 626 537 saevae
648 474 762 536 monitu
784 474 925 548 lunonis;
947 473 978 534 in
1001 492 1084 535 arces

272 578 354 620 nunc
375 558 452 620 lovis
473 578 609 622 accessus
632 566 661 621 et
682 560 739 620 iam
762 558 833 619 mihi
856 558 969 620 lumina
991 558 1063 619 caeli

274 643 413 704 conciliat
435 643 590 723 iungitque
613 657 689 706 toros
712 651 741 706 et
761 643 853 703 fontis
875 643 1015 704 bonores.

274 748 292 788 o
316 728 415 789 dolorl
439 748 456 789 o
479 728 580 791 dulces
602 747 675 807 quas
698 728 843 808 gessimus
865 736 933 789 ante
955 727 1124 806 pharetrae!
1293 737 1323 788 ³0

274 813 331 877 iam
354 813 428 875 socii
449 813 532 874 laetis
554 820 718 893 rapuerunt
739 812 856 873 vincula
876 812 981 888 ventis,

273 898 407 959 hortator
428 906 585 978 postquam
607 898 692 960 furiis
714 905 743 958 et
764 916 835 958 voce
857 897 982 958 nefanda

274 982 382 1063 inpulit
404 981 541 1044 Oenides.
585 1001 687 1045 verum
710 999 777 1043 curn
800 989 893 1061 gente
909 982 1056 1060 domoque

274 1067 329 1128 ista
351 1067 413 1128 luet
434 1085 594 1148 saevaeque
616 1069 741 1130 aderunt
762 1075 812 1127 tua
834 1066 956 1128 numina
978 1065 1073 1128 matri.

275 1170 365 1231 surge
387 1169 440 1232 age
462 1161 491 1214 el
513 1153 544 1214 in
567 1152 649 1214 duris
671 1153 743 1213 baut
763 1169 904 1230 umquam
927 1152 1032 1226 defice;
1055 1150 1136 1211 caelo
1291 1160 1319 1211 35

273 1255 342 1298 mox
363 1237 458 1299 aderis
479 1245 569 1317 teque
590 1245 667 1299 astra
686 1238 799 1312 ferent3
822 1243 854 1297 tu
877 1253 994 1314 semper
1015 1235 1122 1296 amoris
1165 1246 1168 1252 '

274 1322 315 1382 sis
337 1340 451 1383 mernor
473 1331 502 1383 et
524 1323 584 1384 cari
606 1321 722 1384 comitis
744 1341 781 1383 ne
804 1319 940 1382 abscedat
960 1313 1075 1400 imago?

274 1405 382 1466 talibus
405 1415 536 1467 orantem
559 1406 644 1468 dictis
666 1406 790 1484 visuque
811 1407 959 1466 fruentem

273 1491 323 1551 ille
344 1491 423 1550 ultro
445 1491 519 1570 petit
541 1499 569 1551 et
590 1490 689 1551 vacuis
711 1490 893 1571 amplexibus
916 1490 1005 1551 instat

275 1575 503 1655 languentisque
524 1584 621 1636 movet
641 1576 751 1637 frustra
772 1575 926 1636 conamina
949 1574 1080 1658 dextrae:
1290 1584 1318 1635 to

274 1677 384 1739 corpus
406 1659 494 1722 behet
516 1678 619 1721 somno
642 1653 804 1740 refugaque
827 1659 955 1721 eluditur
976 1657 1089 1730 umbra.

273 1754 337 1806 tum
359 1745 496 1822 lacrimis
520 1753 583 1807 tum
604 1764 676 1807 voce
697 1744 792 1824 sequi,
815 1753 878 1806 tum
901 1763 1040 1824 rumpere
1061 1751 1201 1823 questus;

275 1849 343 1891 cum
366 1848 457 1910 sopor
478 1838 509 1892 et
529 1850 603 1892 vano
627 1849 695 1911 spes
717 1837 826 1891 maesta
848 1829 1004 1890 resolvitur
1026 1836 1102 1891 actu.

273 1915 382 1975 fluctus
404 1915 441 1975 ab
462 1915 604 1977 undisoni
626 1935 681 1978 ceu
702 1915 778 1976 forte
800 1914 952 1994 crepidine
973 1914 1035 1974 saxi

276 2017 344 2060 cum
365 1999 443 2078 rapit
464 2000 622 2078 halcyoues
644 1999 768 2061 miserae
790 1999 943 2078 fetumque
965 1999 1124 2077 laremque,
1286 2009 1315 2060 45

274 2083 297 2142 it
319 2100 410 2162 super
432 2101 518 2161 aegra
540 2101 649 2162 parens
671 2085 865 2163 queriturque
886 2083 1068 2145 tumentibus
1090 2082 1177 2169 undis

275 2174 353 2228 certa
376 2167 471 2247 sequi,
495 2185 685 2246 quocumque
706 2168 811 2245 ferant,
835 2168 980 2249 audetque
1002 2175 1154 2249 pavetque,

273 2253 330 2313 icta
351 2251 458 2313 fatiscit
480 2252 565 2332 aquis
588 2253 682 2314 donec
705 2254 809 2315 domus
831 2253 995 2331 haustaque
1015 2253 1108 2315 ductu
1130 2260 1192 2325 est;
1306 2313 1310 2323 ,

274 2337 322 2398 illa
345 2337 448 2400 dolens
470 2355 571 2398 vocem
594 2338 673 2400 dedit
695 2347 724 2400 et
745 2357 777 2400 se
798 2337 918 2399 sustulit
938 2337 1001 2399 alis.

274 2422 346 2483 baut
367 2422 451 2485 aliter
473 2423 569 2484 somni
591 2431 720 2484 maestus
743 2423 834 2484 labor.
879 2422 961 2484 exilit
981 2441 1083 2484 amens
1284 2432 1313 2483 50

275 2505 434 2584 effusisque
457 2525 547 2586 genas
569 2507 698 2570 lacrimis
720 2507 803 2586 rigat.
845 2501 974 2568 ‘ibimus'
997 2507 1103 2585 inquit,

270 2585 365 2649 ‘solus
388 2589 494 2651 ethos
515 2598 632 2652 montes
654 2591 827 2670 desertaque
849 2592 941 2653 lustra
961 2591 1085 2667 tenebis,

274 2692 341 2735 care
364 2691 449 2753 puer,
472 2693 528 2736 neo
549 2693 598 2736 res
619 2675 697 2736 ultra
718 2675 862 2737 mirabere
884 2685 1000 2738 nostras
1008 2671 1031 2736 ‘l‘

275 2759 348 2820 haec
370 2759 446 2821 latus
468 2759 631 2839 relegitque
653 2760 713 2821 vias
736 2767 764 2822 et
785 2761 908 2822 vallibus
931 2761 989 2822 exit

273 2845 420 2921 incertus,
443 2844 515 2924 quid
537 2845 612 2907 luno
634 2846 717 2922 ferat,
740 2864 814 2924 quas
835 2853 957 2926 apparet
978 2845 1045 2906 irae.
1284 2858 1312 2908 55

274 2947 330 2991 nec
351 2929 451 2990 minus
474 2938 503 2990 et
525 2931 622 2992 socios
645 2931 740 2992 cernit
761 2930 867 3010 procul
890 2929 1018 3010 aequore
1040 2929 1112 2992 ferri

273 3013 449 3094 praecipites
470 3014 651 3093 tacitumque
672 3015 763 3095 pudet
784 3015 916 3096 potuisse
937 3015 1075 3095 relinqui.

316 3097 436 3178 lamque
458 3097 515 3159 iter
535 3099 572 3159 ad
594 3099 724 3160 Teucros
747 3101 842 3179 adque
863 3099 980 3180 hospita
1000 3099 1117 3162 moenia
1138 3098 1241 3161 Troiae

273 3182 394 3244 flexerat
415 3181 494 3244 lliaci
516 3191 653 3263 repetens
674 3185 819 3263 promissa
840 3185 973 3264 tyranni;

274 3284 342 3327 cum
364 3276 475 3328 maesto
497 3266 608 3330 Latona
631 3268 718 3330 simul
740 3269 891 3348 Dianaque
912 3270 994 3330 vultu
1281 3278 1311 3330 60

274 3357 342 3411 ante
363 3351 461 3412 lovem
483 3353 562 3415 stetit
584 3360 613 3416 et
634 3354 759 3433 supplex
781 3354 823 3417 sic
845 3355 924 3416 latur
945 3354 1067 3435 Apollo:

270 3431 315 3496 ‘in
337 3453 426 3515 quem
447 3436 536 3498 alium
559 3437 691 3514 Alciden,
714 3438 745 3500 iu
768 3457 843 3518 quae
864 3439 922 3500 iam
942 3446 1076 3518 tempora
1097 3437 1196 3500 differs

276 3521 464 3597 Caucaseum,
487 3539 538 3583 rex
559 3541 675 3603 magne,
698 3521 822 3585 senem?
845 3515 1000 3586 nullumne
1020 3523 1166 3585 malorum

274 3606 365 3667 finem
387 3605 459 3667 adeo
481 3625 654 3688 poenaeque
677 3605 782 3670 dabis?
805 3617 833 3670 te
855 3617 961 3672 cuncta
982 3617 1121 3690 precatur

258 3809 298 3860 26.
316 3805 379 3858 haec
396 3805 454 3858 latis
471 3822 506 3872 n,
524 3806 550 3858 bi
569 3807 652 3860 tontes
670 3809 725 3874 He,
743 3808 792 3861 beu
810 3809 868 3862 latis
888 3808 913 3862 0.
933 3809 1042 3877 Diltlray
1060 3809 1121 3874 (cfr.
1140 3806 1261 3875 diopolita·

191 3873 296 3938 Quaem.
316 3873 376 3926 Val.
393 3890 421 3939 p.
441 3876 494 3938 39).
547 3877 588 3928 28.
606 3875 692 3926 limina
710 3874 757 3930 Bi.
811 3879 851 3930 29.
870 3892 930 3930 suis
950 3875 976 3941 0,
994 3881 1065 3930 toros
1083 3877 1156 3939 Bur,
1175 3890 1262 3928 omn.
