2792 4340
604 201 629 250 G.
648 197 765 250 vntum
783 195 894 249 stator

271 369 392 434 incidit:
416 369 562 430 absistunt
584 371 691 431 duetus
715 377 744 430 et
765 387 856 448 gnara
877 367 969 428 luturi

270 456 340 518 dant
361 455 479 534 pavidae
501 454 557 514 alta
580 455 670 528 viam;
693 454 780 516 eelsis
802 453 906 534 procul
928 453 992 531 ipsa
1014 454 1143 533 refulget
1283 465 1325 513 toa
1381 475 1382 484 ¹

270 539 411 600 cornibus
433 557 467 600 ac
489 557 602 600 summa
624 539 750 618 palearia
772 538 898 600 sustinet
918 538 1007 598 unda.

270 631 315 684 ast
336 622 424 686 Erebi
447 622 528 702 virgo
551 624 640 684 ditem
662 622 739 684 volat
759 624 877 684 aethere
899 621 1049 700 Memphin

271 709 442 790 praecipere
465 715 493 768 et
515 707 619 769 Pharia
640 709 807 769 venientem
829 706 941 786 pellere
962 714 1050 767 terra.

271 799 374 856 eontra
395 792 480 854 Nilus
502 793 583 854 adest
605 801 635 854 et
656 799 717 853 toto
741 793 856 871 gurgite
878 799 996 852 torrens

271 876 454 956 Tisiphonen
477 877 536 956 agit
557 877 653 956 adque
675 877 741 938 imis
763 875 860 938 inlidit
880 875 999 936 harenis

270 961 345 1024 Ditis
368 981 454 1042 opem
476 980 509 1022 ao
531 962 607 1024 saevi
630 961 804 1022 clamantem
827 961 949 1022 numina
970 961 1064 1039 regni.

271 1053 415 1126 apparent
436 1065 614 1126 sparsaeque
635 1047 713 1108 faces
735 1045 914 1124 disiectaque
936 1045 1024 1124 longe

270 1130 390 1192 verbera
414 1139 442 1192 et
463 1129 596 1212 abruptis
619 1131 732 1192 excussi
756 1130 888 1191 crinibus
910 1130 1004 1209 hydri.

272 1235 327 1277 neo
349 1214 424 1276 lovis
447 1217 559 1278 interea
582 1223 676 1278 cessat
697 1233 812 1278 manus.
857 1215 972 1294 intonat
993 1215 1051 1275 alto

271 1301 430 1378 insurgens
453 1302 532 1362 oaelo
556 1302 672 1380 genitor
694 1318 855 1380 curamque
876 1300 994 1372 latetur,

272 1391 358 1463 atque
381 1384 444 1463 ipsa
468 1385 625 1464 imperium
647 1385 722 1446 luno
745 1392 838 1464 pavet.
882 1384 954 1444 haee
975 1383 1081 1462 prooul
1102 1382 1134 1442 lo

271 1475 383 1550 spectat
405 1468 440 1528 ab
462 1486 529 1529 aree
551 1468 644 1529 Phari
664 1469 721 1529 iam
743 1469 816 1530 divis
837 1469 943 1544 addila,
966 1469 1082 1546 iamque

270 1552 371 1632 aspide
394 1552 488 1613 oinota
511 1571 609 1614 eomas
631 1561 660 1613 et
681 1555 778 1614 ovanti
799 1571 927 1634 persona
947 1553 1044 1614 sistro.
1136 1585 1140 1596 .

270 1638 426 1716 anporon
449 1637 520 1698 hine
541 1645 654 1699 veteres
676 1640 802 1700 errantis
824 1639 944 1700 nomine
966 1638 1046 1698 dirae

271 1722 433 1800 vulgavere.
478 1723 557 1783 iuvet
579 1731 696 1784 nostros
719 1743 800 1785 nune
822 1725 886 1803 ipsa
906 1723 1022 1784 labores

271 1807 461 1886 inmissisque
483 1815 575 1869 ratem
597 1827 650 1869 sua
671 1826 726 1887 per
746 1809 820 1869 lreta
841 1808 982 1887 provehat
1002 1801 1100 1868 auris?

313 1891 440 1953 Dixerat.
485 1899 514 1953 et
535 1893 642 1972 plaoidi
663 1893 823 1954 tendebant
844 1892 960 1954 carbasa
983 1892 1074 1953 venti.

272 1983 388 2054 postera
411 1994 471 2036 non
496 1995 595 2037 cassae
616 1978 722 2056 Minyis
744 1978 858 2038 Aurora
881 1978 985 2039 retexit

272 2060 368 2119 noetis
390 2059 460 2132 iter;
484 2078 558 2119 nova
580 2069 686 2122 cuneta
707 2061 807 2122 vident
828 2061 1007 2141 Thyneaque
1030 2063 1108 2123 iuxta

271 2142 357 2202 litora
379 2141 488 2203 fatidici
510 2145 616 2224 poenis
638 2145 789 2206 horrentia
812 2145 925 2208 Phinei.

272 2227 334 2288 dira
358 2227 446 2288 deum
467 2247 643 2308 summoque
665 2230 729 2291 lues
752 2231 897 2310 urguebat
918 2231 949 2292 in
972 2250 1051 2294 aevo.

271 2311 383 2392 quippe
405 2331 502 2390 neque
525 2322 671 2376 extorrem
692 2323 806 2377 tantum
829 2335 885 2378 neo
906 2317 981 2378 lueis
1003 2324 1137 2396 egentem

271 2397 395 2476 insuper
417 2397 562 2478 Harpyiae
584 2399 761 2478 Typhoides,
783 2401 826 2461 ira
848 2401 988 2476 tonantis,

272 2480 453 2559 depopulant
474 2483 600 2561 ipsoque
621 2485 711 2562 dapes
733 2485 912 2562 praedantur
932 2485 968 2546 ab
990 2503 1051 2546 ore.

273 2563 340 2623 talia
363 2565 496 2643 prodigia
519 2575 548 2626 et
569 2567 641 2628 tales
663 2585 718 2646 pro
742 2569 865 2630 erimine
887 2589 998 2650 poenas

271 2649 447 2726 perpetitur.
491 2668 560 2729 spes
581 2669 641 2711 una
664 2653 738 2726 soni,
761 2654 840 2731 quod
862 2655 973 2732 pellere
994 2672 1108 2716 saevam

273 2733 421 2811 quondam
443 2734 500 2794 lata
523 2734 602 2796 luem
625 2735 765 2798 dederant
786 2738 934 2816 Aquilone
956 2740 1071 2801 exeatis.

272 2835 343 2896 ergo
365 2818 416 2879 ubi
440 2819 497 2880 ianr
518 2819 631 2900 Minyas
653 2829 823 2900 certamque
845 2824 984 2886 aooedere
1005 2823 1136 2885 Phineus

271 2903 360 2963 sentit
383 2922 479 2983 opem,
502 2906 611 2984 primas
633 2906 738 2968 baeulo
760 2908 891 2969 delentur
912 2908 948 2969 ad
970 2910 1065 2970 undas

270 2987 452 3066 vestigatque
474 2997 565 3050 ratem
587 2999 675 3068 atque
697 2991 800 3053 oeulos
822 2993 928 3054 attollit
949 2994 1061 3055 inanes.
1263 3005 1307 3054 435
1383 2979 1384 3022 l

271 3078 344 3131 tuno
365 3078 484 3133 tenuem
507 3073 623 3152 spirans
645 3075 771 3136 animam
789 3072 879 3138 ‘salve
901 3096 919 3137 ο
940 3077 1012 3140 mihi
1035 3079 1157 3156 longum

271 3163 420 3233 expectata
441 3173 547 3218 manus
569 3154 746 3239 nostrisque‘
769 3162 808 3222 ait
827 3155 938 3241 ‘agnita
959 3164 1043 3224 votis.

272 3239 406 3301 novimus
429 3250 457 3302 et
479 3242 552 3304 divis
575 3243 665 3322 geniti
688 3244 796 3323 quibus
818 3255 846 3307 et
867 3247 912 3308 via
934 3247 1032 3309 iussos

270 3342 345 3402 quae
367 3324 441 3386 lerat
462 3345 496 3388 ao
517 3329 604 3389 vestri
627 3330 713 3390 rebar
734 3330 777 3391 sio
799 3338 932 3410 tempora
954 3351 1060 3394 cursus
1383 3399 1384 3408 ,

269 3408 402 3489 proxima
424 3428 558 3491 quaeque
580 3414 691 3492 legens,
715 3424 858 3494 quantrun
880 3416 1020 3478 Vulcania
1042 3417 1171 3479 Lemnos
1265 3427 1307 3476 tto
1383 3409 1384 3438 l

270 3494 399 3568 traxerit,
422 3494 523 3557 inlelix
544 3498 645 3560 tulerit
666 3518 741 3578 quae
765 3500 886 3580 Cyzicus
907 3519 996 3563 anna.

270 3579 350 3640 sensi
374 3586 404 3640 et
424 3579 567 3661 bebrycio
590 3602 758 3664 supremam
779 3585 809 3644 in
833 3585 918 3648 litore
942 3605 1072 3667 pugnam

253 3782 312 3832 tit.
330 3781 402 3847 phari
422 3780 481 3844 Coa,
499 3782 551 3848 poli
571 3783 617 3846 B.‚
635 3799 686 3835 om.
706 3799 726 3834 n
744 3785 842 3836 lociana
860 3785 989 3838 indicato.
1067 3787 1127 3837 att.
1146 3785 1214 3836 euris
1231 3801 1258 3850 n,

186 3845 252 3896 auris
269 3845 300 3897 B.
373 3851 430 3902 tto.
450 3849 511 3900 dura
528 3865 564 3912 π,
582 3849 635 3902 dira
653 3851 697 3903 ln.
