2792 4340
444 209 700 263 Anuonhvrtcou
718 209 811 263 LlBEll
829 212 869 264 Vl.

198 384 279 440 ense,
302 366 390 426 modo
412 365 517 426 intesta
538 373 693 426 rarescunt
714 365 835 445 cuspide
858 385 984 446 pugnae.

198 459 272 512 tunc
294 459 323 510 et
344 449 479 512 terrificis
501 451 662 512 undantem
683 450 815 512 crinibus
838 451 969 512 Hebrum

124 563 128 569 ·
197 544 227 598 et
250 535 384 596 Geticum
405 535 513 596 Priona
533 535 618 610 lerit;
641 544 729 614 caput
751 535 839 615 eripit
860 537 954 596 Auchi

197 621 394 698 bracchiaque
416 628 445 681 et
466 620 553 680 vastis
567 620 741 682 volvendum
756 621 844 682 mittit
859 620 987 682 harenis.
1193 633 1240 684 520

240 707 278 765 At
300 705 417 785 genitus
439 705 506 765 love
526 706 679 785 conplerat
700 725 753 766 sua
773 707 837 767 lata'
853 706 989 780 Colaxes;

114 853 116 862 A
197 791 315 868 iamque
337 799 420 869 pater
440 797 552 850 maesto
575 790 729 852 contristat
749 791 845 852 sidera
866 791 948 852 vultu

198 875 305 936 talibus
327 893 414 954 aegra
435 893 556 936 movens
578 876 758 953 nequiquam
780 883 900 954 pectora
922 876 1016 939 curis:

196 953 236 1021 ‘ei
257 960 340 1033 mihi,
363 959 389 1020 si
411 960 501 1021 durae
524 967 624 1020 natum
647 960 811 1022 subducere
833 960 907 1022 sorti

196 1045 302 1106 moliar
323 1052 411 1123 atque
433 1045 506 1105 meis
528 1045 622 1106 ausim
645 1046 792 1106 confidere
813 1045 923 1124 regnis,
1192 1055 1238 1107 625

194 1131 285 1191 lrater
307 1130 403 1190 adhuc
424 1129 526 1209 Amyci
548 1148 682 1192 maerens
704 1148 777 1192 nece
799 1137 965 1209 cunctaque
987 1129 1086 1190 divum

196 1215 282 1278 turba
302 1215 439 1288 fremant,
463 1233 590 1293 quorum
613 1214 672 1275 nati
696 1215 829 1276 cecidere
850 1215 1024 1293 cadentque.

196 1300 269 1379 quin
292 1299 396 1360 habeat
418 1317 470 1360 sua
492 1319 641 1379 quemque
663 1300 724 1361 dies
747 1299 922 1378 cunctisque
944 1299 1068 1378 negabo,

196 1403 272 1464 quae
293 1380 385 1445 mihi?
431 1403 587 1464 supremos
608 1385 717 1446 misero
740 1385 783 1445 sic
804 1385 881 1446 latus
903 1385 1032 1446 honores

195 1469 330 1550 congerit
352 1471 446 1548 adque
469 1469 574 1530 animis
595 1470 771 1530 moriturum
794 1469 964 1550 ingentibus
987 1468 1098 1548 implet.
1190 1477 1237 1530 630

195 1554 244 1616 ille
266 1554 343 1616 volat
365 1555 476 1634 campis
497 1555 690 1633 inmensaque
711 1556 816 1616 lunera
838 1555 942 1616 miscet

195 1657 250 1719 per
272 1658 393 1712 cuneos,
416 1640 495 1699 velut
515 1639 639 1700 hiberno
661 1647 824 1719 proruptus
847 1640 881 1700 ab
903 1658 973 1700 arcu

195 1724 290 1786 imber
311 1743 401 1803 agens
424 1724 562 1802 scopulos
584 1742 800 1801 nemorumque
821 1742 1005 1802 operumque
1026 1724 1137 1801 ruinas,

196 1810 292 1870 donec
313 1809 349 1869 ab
372 1809 485 1887 ingenti
506 1808 664 1869 bacchatus
685 1809 793 1870 vertice
814 1808 923 1870 montis

194 1895 341 1973 frangitur
361 1894 452 1972 inque
474 1912 583 1954 novum
605 1893 744 1972 paulatim
767 1893 863 1956 deficit
884 1911 1010 1954 amnem.
1190 1903 1235 1954 666

195 1979 261 2040 talis
284 1979 315 2040 iu
338 1987 468 2040 extremo
490 1978 589 2057 proles
611 1978 687 2039 loris
710 1978 814 2040 emicat
835 1997 914 2053 aevo,

195 2072 224 2125 et
247 2083 328 2125 nunc
349 2063 551 2143 magnanimos
574 2063 744 2143 Hypetaona
767 2064 1023 2142 Gessithoumque,

129 2179 131 2184 ¹
194 2168 277 2210 nunc
300 2148 409 2210 Arinen
434 2148 602 2227 Olbumque
624 2157 724 2222 necat;
747 2149 803 2210 iam
826 2149 943 2210 saucius
965 2150 1075 2228 Aprem

197 2241 226 2294 ct
248 2233 381 2293 desertus
404 2251 480 2311 equo
503 2233 654 2311 Thydrum
675 2233 765 2312 pedes
788 2233 895 2311 excipit
916 2234 997 2294 hasta

133 2363 135 2368 s
196 2317 369 2390 Phasiaden‚
393 2317 510 2395 pecoris
532 2325 633 2378 custos
655 2318 691 2378 dc
713 2335 795 2378 more
817 2317 932 2395 paterni
1188 2327 1235 2380 666

195 2402 342 2463 Caucasus
363 2401 399 2462 ad
421 2401 530 2480 primas
553 2401 656 2480 genuit
675 2420 764 2480 quem
785 2399 917 2464 Phasidis
940 2401 1051 2477 undas;

194 2486 265 2548 hinc
286 2505 380 2566 puero
402 2505 568 2566 cognomen
592 2495 653 2548 erat
673 2487 875 2564 famulumque
897 2486 1030 2548 serebant

193 2571 327 2632 Phasidis
349 2572 468 2634 intonso
491 2572 671 2651 nequiquam
693 2572 775 2634 crine
796 2579 943 2651 parentes.

193 2657 310 2735 iamque
332 2657 395 2718 aliis
418 2657 543 2718 instabat
565 2665 656 2731 atrox,
679 2676 746 2720 cum
769 2658 832 2718 dira
854 2675 1007 2736 supremas

193 2742 304 2821 rumpit
326 2741 428 2820 iniqua
449 2742 533 2802 colus
555 2744 707 2820 victorque
728 2742 844 2804 advenit
865 2742 961 2802 lason.
1188 2749 1233 2800 646

194 2827 303 2906 excipit
323 2827 405 2888 hunc
426 2845 509 2888 saeva
531 2827 575 2887 sic
595 2827 672 2886 latus
693 2844 765 2887 voce
787 2826 920 2886 Colaxes:

190 2905 256 2973 ‘vos
279 2912 414 2990 Scythiae
437 2919 567 2972 saturare
590 2929 678 2972 canes
700 2911 894 2989 Scythiaeque
915 2909 1050 2970 volucres

193 2997 253 3058 huc
273 2997 373 3058 miseri
396 2991 548 3058 venistisl'
572 2996 612 3056 ait
633 3014 794 3074 saxumque
816 2995 1006 3074 prehensum,

193 3081 272 3142 illius
295 3089 323 3142 et
344 3082 463 3144 dextrae
485 3087 634 3161 gestamen
657 3089 686 3142 et
706 3080 787 3141 illius
802 3080 873 3153 aevi,

193 3185 337 3228 concussa
359 3167 479 3228 molitur
500 3167 601 3240 humo,
624 3166 705 3245 quod
727 3165 806 3244 regia
827 3165 902 3226 luno

192 3251 272 3312 llexit
293 3251 329 3312 ad
350 3251 485 3330 ignotum
507 3260 595 3331 caput
617 3251 809 3329 infletumque
831 3248 954 3310 Monesi.

192 3355 334 3416 praeceps
357 3337 406 3397 illc
428 3338 504 3410 ruit;
527 3344 596 3398 nato
619 3356 680 3398 non
703 3335 814 3415 depulit
837 3335 913 3394 ictus

192 3421 335 3500 Iuppiter,
359 3422 501 3483 Aesoniae
523 3422 631 3482 vulnus
652 3421 739 3482 fatale
760 3421 812 3480 sed
834 3420 932 3480 liastae

175 3660 234 3710 619.
253 3657 333 3709 Anchi
352 3656 387 3710 B.
473 3657 532 3708 626.
550 3659 644 3707 maeret
662 3671 690 3719 π,
708 3668 822 3706 maerens
840 3655 883 3708 Pa.
902 3653 944 3718 (x,
963 3655 1033 3715 467).
1119 3651 1177 3703 627.

101 3726 214 3777 fremunt
232 3743 260 3789 π,
277 3725 384 3778 frement
403 3723 463 3788 Pa,
487 3723 594 3776 tremant
612 3723 672 3774 Sed.
758 3724 816 3776 638.
834 3727 906 3774 notat
923 3739 957 3784 π,
982 3723 1056 3772 necat
1076 3716 1127 3768 CA.
1145 3747 1178 3755 -

101 3795 190 3860 Apren
210 3793 264 3847 CB.
334 3796 391 3847 639.
410 3791 503 3846 excidit
514 3808 548 3856 a,
567 3790 661 3858 excipit
678 3809 706 3858 φ.
776 3793 834 3844 otc.
853 3790 973 3854 llctusn,
991 3788 1108 3840 fatuam.

102 3865 163 3916 651.
182 3861 252 3914 flexit
271 3861 296 3912 in
314 3861 411 3914 admoti
428 3865 504 3928 caput
522 3859 547 3909 in
565 3859 695 3926 latumque
712 3857 809 3910 lllonosi
829 3858 854 3911 0.
1004 3861 1007 3867 '
