2764 4340
172 147 213 220 24
352 143 378 194 G.
395 142 514 195 vanum
529 141 641 194 Fasces
669 139 923 198 sadohavrmoh
941 141 1035 237 LIBEh
1050 141 1067 194 1.

258 333 411 377 accessura
433 315 512 395 polo,
534 315 638 376 victam
660 315 685 375 si
706 315 821 376 volvere
842 315 949 377 molem

258 486 382 564 [ingenti
405 485 479 546 iacet
500 503 551 546 ore
575 485 677 559 Chaos,
700 485 779 563 quod
801 485 932 564 pondere
952 484 1060 546 fessam
1137 517 1139 522 ·
1256 494 1299 545 831

256 570 408 632 materiem
429 570 603 649 lapsumque
626 577 713 649 queat
734 588 909 632 consumere
929 569 1093 648 mundum].

257 655 307 716 hic
328 655 462 734 geminae
483 662 634 716 aeternum
655 662 766 734 portae,
789 672 913 735 quarum
935 655 1025 716 altera
1046 655 1120 716 dura

258 759 375 820 semper
395 740 460 819 lege
482 747 585 819 pateus
608 741 735 820 populos
756 759 901 819 regesque
923 745 1067 818 receptat3

258 833 302 886 ast
323 824 408 886 aliam
429 832 571 904 temptare
593 825 675 886 nefas
698 833 727 887 et
748 826 868 886 tendere
890 831 1008 891 contra:
1253 833 1299 884 835

257 929 321 972 rara
345 917 373 971 et
394 918 500 989 sponte
522 918 610 990 patet,
634 911 776 989 siquando
798 919 917 990 pectore
940 910 1045 971 ductor

257 996 379 1056 uulnera
401 1002 469 1056 nota
492 1013 608 1074 gerens,
632 996 721 1074 galeis
742 997 869 1075 praefixa
890 994 1023 1073 rotisque

258 1081 305 1140 cui
329 1080 433 1141 domus
455 1088 505 1143 aut
526 1081 656 1142 studium
677 1081 815 1142 mortales
836 1081 946 1160 pellere
968 1093 1074 1154 curas‚‘

257 1165 334 1226 culta
355 1166 437 1239 fides,
460 1166 548 1244 louge
569 1173 665 1228 metus
687 1167 782 1246 adque
803 1167 903 1245 ignota
925 1164 1049 1244 cupid03
1104 1221 1106 1230 ,

256 1268 309 1312 scu
331 1251 411 1312 veuit
432 1250 470 1320 in,
485 1250 562 1312 vittis
584 1259 721 1330 castaque
742 1252 773 1312 in
796 1259 875 1312 veste
896 1250 1042 1312 sacerdos.
1251 1256 1298 1308 840

257 1353 332 1414 quos
355 1354 457 1396 omnes
478 1336 554 1396 lenis
577 1336 686 1415 plantis
708 1343 737 1396 et
757 1336 890 1415 lampada
911 1353 1054 1415 quassans

256 1419 414 1499 progenies
437 1419 561 1480 Atlantis
583 1421 651 1498 agit.
695 1421 775 1483 lucet
795 1422 840 1482 via
862 1422 918 1483 late

257 1504 326 1583 igne
348 1503 404 1579 dei,
427 1504 522 1565 donec
543 1504 629 1566 silvas
651 1512 680 1566 et
700 1523 821 1568 amoena
842 1507 959 1586 piorum

256 1589 411 1650 deveniant
432 1608 620 1669 camposque,
643 1590 693 1651 ubi
715 1592 760 1653 sol
782 1597 936 1670 totumquo
958 1608 1146 1670 perannum

256 1675 342 1735 durat
363 1673 460 1754 aprica
483 1675 544 1736 dies
566 1675 711 1753 thiasique
733 1677 875 1756 chorique
897 1676 1048 1737 virorum
1247 1678 1293 1730 845

256 1759 443 1839 carminaque
466 1767 495 1822 et
516 1779 643 1840 quorum
665 1762 784 1842 populis
805 1763 862 1824 iam
883 1761 965 1823 nulla
988 1761 1106 1840 cupido.-

255 1846 308 1907 has
329 1853 413 1925 pater
433 1845 464 1906 in
487 1847 570 1908 sedes
593 1855 769 1926 aeternaque
791 1846 906 1908 moenia
928 1853 1029 1908 natum

256 1930 428 2010 inducitque
450 1949 570 1992 nurum.
614 1939 677 1992 tum
698 1939 783 2011 porta
805 1939 913 2009 quanta
935 1931 1053 1993 sinistra

255 2034 352 2095 poena
373 2016 458 2076 docet
478 2023 594 2077 maneat
615 2015 715 2077 Pelian
738 2035 771 2077 ac
792 2015 893 2076 limine
915 2023 1067 2077 monstrat,

173 2119 183 2128 ··
255 2099 402 2166 mirantur
423 2106 519 2160 tantos
542 2100 683 2179 strepitus
704 2101 880 2180 turbamque
900 2108 1035 2162 ruentem
1244 2107 1291 2160 850

256 2192 286 2246 et
307 2184 371 2246 loca
392 2191 422 2246 et
443 2184 575 2246 internos
597 2185 690 2246 almae
711 2185 826 2250 virtutis
846 2187 986 2247 honores.
1036 2227 1044 2243 .

239 2424 296 2474 829.
315 2421 425 2473 vinctam
445 2420 493 2473 Vc.
562 2422 661 2474 solvere
680 2421 724 2471 He.
793 2427 854 2488 poet
871 2421 941 2472 huno
959 2436 1064 2471 veroum
1089 2420 1188 2472 lacuna
1206 2425 1243 2470 cst

170 2493 198 2541 in
224 2489 293 2550 Vim
319 2491 348 2538 in
366 2504 419 2554 mg.
438 2489 537 2539 codicis
558 2487 657 2554 θροεῖ
673 2489 722 2540 829
747 2489 790 2538 hic
807 2489 891 2550 schoa
908 2504 999 2540 corsus
1017 2489 1117 2540 dicitur
1132 2487 1242 2554 luppiter

170 2559 196 2610 ct
211 2557 309 2624 primae
325 2555 388 2607 velit
414 2556 499 2608 omnia
525 2555 630 2606 reddere
651 2569 758 2622 massae,
776 2558 838 2606 Pius
863 2573 925 2608 vcro
952 2559 981 2607 in
1000 2557 1149 2624 coemptura·
1172 2557 1242 2606 ‘limo

170 2627 312 2691 Pomponia·
328 2623 407 2674 Laeti
430 2615 537 2676 climat?
565 2625 612 2674 hos
634 2640 661 2673 sc
680 2624 774 2689 legiaco
792 2627 832 2674 ait
848 2640 938 2678 ceraue
955 2625 1061 2678 senserit
1077 2629 1156 2692 atque
1172 2623 1242 2691 gravi

170 2697 249 2746 totam
275 2691 405 2746 subsidere
427 2694 498 2744 motu
521 2691 582 2744 Fata
606 2691 701 2756 velint,
726 2692 748 2744 si
770 2707 867 2744 summa
894 2693 948 2746 dies
971 2693 1123 2746 subverterit
1148 2693 1241 2745 orbem.

222 2777 262 2812 cc.
273 2763 320 2814 831
332 2763 418 2814 erasa
437 2763 513 2810 uncie
531 2760 641 2812 inclusit
649 2759 708 2811 Sch.
754 2762 811 2814 833.
831 2765 961 2814 aeternum
978 2763 1026 2813 cicc
1041 2777 1150 2821 sanccm3
1169 2760 1242 2811 alter-

171 2832 238 2950 nant5
250 2829 295 2880 ΡΙι.
308 2828 349 2882 W.
369 2829 447 2894 (ddh'h
466 2829 701 2948 Tumqintrorsum?
738 2829 794 2882 841.
811 2830 911 2898 plantas
930 2832 999 2884 Bur.
1070 2831 1127 2883 849.
1146 2845 1197 2896 quo
1214 2843 1242 2892 π,

170 2913 201 2950 ac
239 2899 279 2950 ch.
349 2899 450 2950 asom
478 2911 540 2948 oca.
