2764 4340
582 200 608 250 C.
626 199 744 252 VALERI
761 199 871 252 runem

284 371 380 450 adque
401 370 494 431 imum
515 370 586 430 felix
607 371 739 432 versabat
760 391 879 434 vomere
902 373 1069 454 Olympum.

285 456 419 517 sedmon
441 456 501 516 ulla
524 455 609 534 quies
631 457 728 517 animo
751 456 911 537 fratrisque
932 459 1050 538 paventi

283 540 456 620 progeniem
479 541 637 620 divomque
658 542 769 616 minas;
791 543 872 604 hunc
895 562 962 604 nam
983 543 1048 604 fore
1070 544 1132 623 regi

224 667 228 672 -
285 621 372 686 exitio
394 632 532 704 vatesque
555 634 665 686 canunt
687 627 894 707 pecudumque
916 646 970 707 per
991 646 1056 688 aras

246 731 248 738 ’
284 710 404 770 terrifici
426 710 557 771 monitus
579 710 701 770 iterant:
726 730 816 791 super
837 712 932 792 ipsius
953 713 1060 792 ingens

247 801 249 806 '
285 795 372 855 instat
393 795 469 855 larna
489 795 544 854 viri
565 795 717 874 virtusque
738 797 809 857 haut
830 796 904 858 laeta
925 805 1061 876 tyranno.

285 898 355 960 ergo
378 880 490 940 anteire
510 887 607 940 metus
628 880 822 962 iuvenemque
845 882 1017 961 extinguere
1039 881 1136 962 pergit

285 965 445 1026 Aesonium
468 964 577 1042 letique
598 963 659 1025 vias
681 985 714 1026 ac
735 973 868 1046 tempora
890 975 994 1027 versat.

285 1050 337 1110 sed
358 1069 457 1132 neque
477 1049 553 1122 bella
574 1049 651 1111 videt
673 1050 773 1112 Graias
796 1070 893 1131 neque
913 1058 1046 1114 monstra
1067 1069 1122 1130 per
1136 1049 1226 1112 urbes

285 1133 354 1195 ulla.
399 1133 543 1213 Cleonaeo
562 1134 623 1196 iam
645 1143 777 1214 tempora
800 1136 901 1197 clusus
922 1136 1003 1197 hiatu

285 1219 416 1294 Alcides,
439 1220 509 1279 olim
531 1219 645 1280 Lernae
667 1220 806 1281 defensus
828 1221 863 1282 ah
885 1240 981 1300 angue

285 1305 393 1378 Arcas,
417 1311 445 1364 et
466 1303 609 1364 amhohus
631 1304 689 1364 iam
711 1323 822 1365 cornua
843 1307 934 1366 fracta
956 1304 1096 1365 iuvencis.

285 1390 328 1449 ira
349 1387 438 1451 maris
459 1387 591 1467 vastique
613 1389 730 1532 plapent
752 1389 920 1450 discrimina
941 1389 1035 1470 ponti.

285 1481 348 1533 tum
370 1473 505 1534 iuvenem
526 1471 684 1551 tranquila
706 1480 792 1534 tuens
816 1493 871 1536 nec
892 1476 990 1536 fronte
1011 1473 1161 1535 timendus
1234 1539 1237 1546 ,

286 1566 411 1637 occupat
433 1565 461 1618 et
482 1556 557 1618 lictis
580 1558 628 1618 dat
648 1558 760 1619 vultum
782 1566 811 1620 et
832 1561 963 1637 pondera
984 1559 1079 1620 dictis.

285 1644 371 1703 ‘hanc
392 1642 463 1702 mihi
486 1641 626 1716 militiam,
648 1650 779 1704 veterum
800 1662 876 1723 quae
896 1644 1050 1724 pulchrior
1070 1643 1152 1719 actis

285 1727 381 1788 adnue
404 1729 497 1806 daque
519 1728 659 1790 animum.
703 1728 796 1789 nostri
820 1730 855 1790 de
877 1729 1021 1809 sanguine
1042 1728 1168 1790 Phrixus

286 1813 425 1874 Cretheos
447 1820 481 1872 ut
502 1812 610 1892 patrias
632 1812 738 1874 audisti
760 1814 895 1894 effugerit
917 1834 990 1876 aras.

284 1898 365 1958 hunc
387 1899 467 1957 ferus
490 1899 603 1972 Aeetes,
627 1897 773 1978 Scythiam
795 1898 973 1977 Phasimque
994 1899 1139 1976 rigentem

287 1983 338 2061 qui
361 1982 431 2041 colit
454 1981 524 2056 (heu
546 1981 645 2060 magni
668 1983 744 2042 Solis
767 1983 864 2062 pudor
874 1983 905 2059 1),
927 1983 1044 2062 hospita
1066 1982 1132 2042 vina

285 2182 327 2243 nil
350 2181 444 2242 nostri
467 2181 624 2261 divumque
645 2201 769 2243 memor.
813 2202 873 2243 non
896 2183 1000 2245 nuntia
1021 2190 1136 2246 tantum

284 2267 486 2328 famarefert:
509 2266 607 2346 ipsum
629 2266 763 2328 iuvenem
785 2275 843 2329 tam
866 2287 948 2330 saeva
972 2277 1146 2349 gementem,

284 2353 384 2432 ipsum
407 2371 471 2432 ego,
495 2371 563 2413 cum
585 2371 670 2414 serus
691 2353 787 2414 fessos
809 2373 900 2434 sopor
921 2355 1025 2434 alligat¹
1040 2362 1131 2429 artus,

285 2437 405 2516 aspicio,
426 2455 533 2514 meque
555 2438 684 2500 adsiduis
705 2439 800 2499 lacera
822 2439 901 2499 illius
922 2439 1026 2498 umbra

285 2521 438 2600 questibus
460 2529 489 2580 et
510 2521 609 2599 magni
631 2538 741 2581 numen
763 2522 852 2582 maris
875 2521 980 2582 excitat
1001 2519 1093 2582 Helle.

285 2605 310 2666 si
331 2605 403 2665 mihi
420 2623 501 2683 quae
521 2605 671 2683 quondam
691 2605 777 2680 vires,
800 2606 846 2666 vel
867 2606 996 2684 pendere
1020 2621 1150 2685 poenas

287 2689 424 2751 Colchida
444 2689 501 2750 iam
524 2697 553 2750 et
573 2689 652 2768 regis
674 2698 763 2770 caput
783 2689 832 2752 hic
853 2690 949 2768 adque
970 2709 1050 2752 arma
1070 2689 1194 2753 videres.

191 2843 197 2852 ἱ
286 2775 355 2835 olim
378 2774 463 2835 annis
486 2775 535 2835 ille
557 2775 644 2836 ardor
665 2775 762 2845 hehet,
786 2775 913 2837 necdum
934 2777 999 2836 mea
1021 2774 1120 2856 proles

285 2859 410 2939 imperio
433 2867 461 2920 et
482 2859 551 2921 helli
573 2859 662 2921 nehus
684 2869 798 2921 matura
820 2861 963 2939 marique.

285 2954 328 3021 tu,
351 2945 399 3005 cui
421 2945 477 3005 iam
499 2963 648 3023 curasque
669 2945 768 3024 vigent
788 2946 937 3025 animique
958 2945 1066 3021 viriles,

230 3039 260 3088 65
284 3030 305 3104 i,
327 3030 417 3089 decus
440 3037 469 3089 et
488 3030 606 3108 pecoris
627 3030 785 3108 Nephelaei
807 3031 913 3092 vellera
936 3030 1023 3090 Graio

286 3114 375 3176 redde
396 3113 477 3172 tholo
499 3132 532 3173 ac
553 3113 641 3174 tantis
663 3121 752 3174 temet
773 3114 894 3192 dignare
916 3113 1054 3192 periclis’

285 3197 392 3258 talibus
413 3197 548 3258 hortatur
569 3197 714 3272 iuvenem,
737 3197 920 3277 propiorque
941 3196 1055 3260 iubenti

286 3281 437 3356 conticuit,
460 3290 559 3343 certus
581 3281 717 3362 Scythico
740 3300 919 3358 concurrere
941 3289 1033 3360 ponto

270 3520 412 3576 netimeas
429 3539 458 3588 a,
475 3528 549 3576 tuens
558 3523 609 3592 Cq.
644 3525 685 3576 39.
703 3521 816 3590 pondera
829 3522 913 3574 verbis
926 3505 1178 3588 aemendatione
1192 3533 1218 3588 p.
1235 3519 1273 3571 di-

200 3591 248 3643 ctis
266 3590 326 3642 Sed.
397 3593 438 3643 45.
456 3594 485 3642 in
509 3592 535 3640 V
548 3595 619 3644 inter
636 3592 671 3646 44
689 3592 764 3644 0145
782 3594 890 3656 signum
910 3595 940 3655 ><
957 3592 1040 3642 minio
1057 3592 1160 3654 pictum
1178 3593 1225 3653 eet,
1243 3591 1272 3639 in

201 3659 231 3710 M
246 3661 392 3724 caterisque
409 3675 478 3710 saec.
496 3658 521 3710 Χ
527 3660 552 3710 V
566 3660 642 3710 titan
660 3663 778 3724 (praeter
795 3659 862 3710 Pet
879 3658 908 3724 S)
927 3660 970 3710 hie
988 3672 1078 3708 verena
1097 3655 1212 3720 legitur:
1235 3656 1274 3708 in-

198 3729 238 3778 ter
255 3730 281 3778 et
297 3724 426 3780 adtonitas
443 3730 537 3780 mactat
553 3727 693 3794 solempnia
711 3741 821 3780 mensae.
907 3728 949 3780 49.
971 3726 1053 3776 lacera
1071 3721 1184 3776 adsiduis
1203 3737 1274 3776 nam·

200 3809 251 3861 que
267 3810 298 3858 n,
312 3809 404 3860 meque
422 3793 531 3848 assiduis
548 3795 630 3846 lacera
650 3794 677 3848 C.
746 3799 786 3848 55.
804 3795 914 3862 annique
931 3801 978 3860 ψ..
1032 3795 1072 3846 56.
1098 3797 1159 3858 poet
1182 3793 1215 3846 64
1239 3791 1273 3842 ts-

198 3865 276 3927 gitur
293 3865 321 3912 ia
341 3861 393 3926 Vr,
411 3877 459 3914 auo
479 3863 536 3914 loco
553 3866 582 3914 in
600 3863 637 3916 M.
