2792 4340
536 919 571 1012 c.
600 920 806 1014 rinnau
832 917 1032 1014 rancor

441 1091 1110 1212 auscultarent

571 1289 731 1356 urana
753 1263 995 1368 aaronis.

676 1457 876 1466 ——-.--—-·-—

299 1542 416 1655 Altera
437 1591 487 1653 lux
509 1592 588 1652 haud
609 1591 683 1652 laeta
704 1593 774 1653 viris
796 1593 916 1653 emersit
938 1593 1079 1670 Olympo:

298 1678 453 1757 Argolicus
475 1675 586 1738 morbis
608 1677 732 1756 latisque
755 1677 910 1757 rapacibus
930 1677 1033 1737 Idmon

297 1764 404 1825 labitur
426 1763 547 1824 extremi
569 1762 709 1824 sibilum
733 1781 794 1823 non
817 1762 929 1822 inscius
951 1763 1021 1822 aevi.

297 1858 325 1909 at
347 1867 460 1910 mernor
481 1849 643 1909 Aesonides
666 1847 790 1908 nimium
812 1847 870 1906 iam
891 1863 959 1906 vera
981 1844 1071 1905 locuti

297 1934 425 1995 Phineos
447 1933 517 1993 hinc
540 1933 612 1993 alios
634 1941 718 2011 rapto
740 1940 823 2011 pavet
845 1930 966 1991 Idmone
988 1931 1095 1990 luctus,
1307 1933 1317 1980 5

296 2028 360 2078 tum
383 2017 482 2077 comiti
504 2017 552 2095 pia
574 2017 650 2076 iusta
672 2017 739 2076 tulit
761 2016 926 2093 caelataque
949 2015 1040 2076 multa

298 2109 359 2163 arte
381 2100 510 2161 Dolionii
532 2101 622 2160 donat
642 2101 784 2161 velamina
806 2101 894 2178 regis,

296 2188 407 2265 hospes
429 2184 552 2245 humum
574 2184 732 2264 sedemque
754 2185 859 2264 Lycus.
903 2184 978 2244 flens
999 2202 1080 2244 arma
1101 2183 1212 2244 revellit

297 2270 428 2334 Idmonis
450 2289 466 2330 e
489 2270 565 2330 celsa
587 2269 709 2349 Mopsus
731 2277 809 2343 rate3
833 2269 939 2329 robora
968 2268 1093 2329 caedunt

297 2375 366 2437 pars
389 2356 469 2416 silvis
491 2362 669 2433 portantque
691 2372 774 2427 arae;
798 2371 866 2433 pars
889 2354 1009 2432 auguris
1031 2353 1095 2413 alba
1297 2354 1318 2403 ¹⁰

297 2442 402 2501 fronde
425 2452 510 2519 caput
531 2440 668 2517 vittisque
690 2441 792 2517 ligant,
815 2439 1003 2517 positumque
1025 2439 1134 2497 feretro

298 2541 510 2602 congemuere3
533 2524 595 2583 dies
617 2523 704 2584 simul
726 2531 755 2583 et
777 2542 849 2583 suus
871 2523 1008 2583 admonet
1030 2539 1141 2582 omnes.

339 2608 416 2668 Ecce
438 2608 516 2667 inter
537 2607 671 2667 lacrimas
694 2608 830 2685 interque
853 2616 981 2668 extrema
1003 2607 1133 2666 virorum

297 2710 430 2767 munera,
453 2709 541 2769 quem
564 2709 669 2751 cursus
691 2709 783 2770 penes
805 2692 1022 2770 imperiumque
1045 2691 1169 2764 carinae,

297 2775 414 2857 Tiphyn
437 2776 496 2855 agit
517 2776 644 2846 violenta
666 2775 745 2850 lum,
770 2776 928 2856 cunctique
951 2793 1057 2854 pavore
1299 2775 1319 2823 15

297 2863 413 2924 attoniti
434 2862 564 2923 fundunt
586 2869 709 2922 maestas
732 2860 768 2921 ad
790 2860 884 2920 sidera
907 2879 1008 2920 voces:

294 2942 499 3026 ‘arquipotens
521 2947 646 3020 adverte,
670 2964 785 3025 precor,
809 2965 890 3005 nunc
913 2945 1041 3022 denique
1064 2943 1184 3021 Apollo;

298 3033 365 3105 hoc,
388 3039 480 3109 pater,
502 3031 560 3089 hoc
582 3019 668 3090 nobi‘s
690 3031 788 3091 relove
812 3037 909 3107 caput,
933 3030 992 3088 ulla
1014 3027 1121 3088 laboris
1164 3100 1166 3104 ι

297 3115 322 3174 si
345 3115 438 3175 nostri
460 3122 489 3173 te
511 3132 581 3173 cura
603 3122 708 3188 movet,
732 3115 783 3193 qui
806 3114 925 3174 cardine
947 3132 1061 3174 summo

296 3199 420 3259 vertitur
441 3198 535 3276 adque
558 3199 654 3258 omnis
676 3199 811 3259 manibus
834 3217 915 3258 nunc
937 3198 1045 3277 pendet
1067 3195 1103 3255 ab
1126 3190 1212 3255 unis?
1297 3196 1320 3246 2⁰

299 3283 374 3342 dicta
396 3283 502 3343 dabant
523 3283 616 3343 ventis
639 3302 694 3344 nec
716 3283 812 3344 dehita
833 3284 890 3342 lata
912 3281 1075 3342 movebant.

299 3367 414 3445 qualem
437 3368 591 3446 praecipiti
614 3368 764 3446 gravidum
786 3368 842 3429 iam
865 3374 944 3427 sorte
966 3375 1118 3444 parentem

298 3453 505 3523 natorumllet
526 3471 613 3531 parva
635 3472 740 3513 manus
762 3453 927 3530 trepidique
949 3458 1118 3529 precantur,

297 3538 383 3596 duret
404 3545 437 3596 ut
458 3536 590 3597 invalidis
613 3545 642 3598 et
662 3537 756 3597 adhuc
779 3536 920 3614 genitoris
943 3535 1060 3613 egenis:

297 3622 368 3681 haut
386 3620 470 3680 aliter
491 3621 563 3681 socii
585 3640 724 3701 supremo
747 3621 778 3680 in
801 3628 933 3699 tempore
956 3619 1072 3699 Tiphyn
1299 3617 1320 3666 '25

297 3713 364 3766 ante
386 3706 458 3765 alios
481 3723 636 3784 superesse
658 3707 769 3767 volunt.
813 3725 893 3766 mors
915 3703 1020 3783 frigida
1043 3711 1145 3764 contra

280 3873 304 3922 3.
322 3871 371 3920 iam
390 3873 459 3924 non?
530 3876 570 3923 tl.
589 3876 665 3936 caput
684 3872 713 3936 B,
731 3886 781 3923 om.
799 3887 828 3922 n.
