2764 4340
605 200 797 258 PRAEFATIO.
952 199 957 208 '
1239 200 1263 252 V

220 359 301 431 Quae
330 357 355 420 si
383 365 463 419 reete
490 365 561 418 sunt
582 365 704 434 statuta,
733 365 813 437 patet
833 357 876 433 ei,
899 357 951 436 qui
973 357 1132 436 genuinam
1153 357 1260 420 Valerii

131 444 298 506 orationem
312 443 381 504 velit
395 443 559 518 restituere,
582 443 612 504 id
633 443 779 522 agendum
801 461 881 518 esse,
904 449 937 502 ut
951 442 1089 504 Vaticano
1110 451 1259 522 tamquam

131 537 214 592 certo
238 529 377 590 carminis
405 527 494 589 huius
515 529 689 589 recensendi
710 529 901 590 fundamento
923 527 1075 589 innitatur.
1120 546 1183 590 earn
1205 529 1260 608 igi-

134 623 186 676 tur
201 614 347 675 rationem
364 621 393 674 et
407 613 494 674 Thilo
515 619 635 674 secutus
658 621 702 674 est
724 613 754 675 in
777 613 906 674 editione
927 631 990 687 sua,
1013 632 1070 693 qua
1093 613 1129 676 de
1144 613 1261 675 Valerio

132 699 285 780 praeclare
307 697 425 773 meruit,
455 716 553 776 neque
575 716 630 776 ego
652 698 683 758 in
706 698 763 760 hoc
784 697 860 759 libro
881 697 1017 776 amplecti
1039 697 1177 760 dubitavi.
1206 700 1282 760 scd·

133 803 204 846 cum
219 783 376 845 Vaticanus
398 782 434 844 ab
463 782 590 844 indoctis
613 791 642 843 et
663 781 888 862 neglegentibus
910 791 1043 844 exaratus
1066 783 1171 844 scribis
1193 802 1258 844 om·

132 870 218 930 nium
247 887 390 948 generum
419 867 591 946 inquinatus
613 868 651 928 sit
671 867 763 942 vitiis,
793 887 890 948 neque
912 876 1022 929 temere
1043 868 1257 930 inhaerendum

133 964 179 1016 est
216 953 279 1015 eius
308 952 463 1032 scripturis
493 971 590 1031 neque
612 953 831 1032 angustioribus
862 953 1045 1014 cohercenda
1077 971 1124 1014 ars
1156 953 1257 1015 critica

133 1040 165 1100 in
194 1039 252 1099 hoc
275 1038 403 1098 camnine
424 1037 574 1111 terminis,
605 1038 656 1098 sed
678 1037 764 1098 latior
785 1039 911 1117 quodam
932 1039 1020 1098 modo
1042 1039 1073 1098 in
1096 1038 1169 1099 locis
1191 1057 1258 1100 cor-

133 1122 231 1202 ruptis
254 1141 375 1202 campus
398 1123 511 1184 dandus
534 1123 709 1183 emendandi
730 1123 881 1203 periculis.
911 1123 1009 1202 itaque
1031 1141 1092 1184 non
1115 1131 1257 1185 cunemu-

132 1216 224 1270 teret
244 1207 338 1268 multo
353 1207 455 1286 plures
470 1225 558 1286 quarn
573 1206 658 1267 Thilo
674 1208 777 1269 admisi
791 1208 1046 1286 grammaticorum
1062 1208 1256 1284 coniecturas,

134 1294 165 1354 in
195 1292 300 1372 primis
328 1293 496 1371 splendidas
518 1292 631 1370 aliquot
652 1291 841 1367 Heinsianas‚
871 1311 944 1372 quas
966 1292 1015 1353 ille
1037 1293 1182 1354 immerito
1205 1313 1262 1354 ne-

134 1378 278 1458 glexerat,
308 1385 338 1438 et
364 1377 442 1438 haud
464 1395 575 1456 paucos
603 1377 700 1452 loccS,
730 1379 781 1457 qui
811 1379 943 1438 nondum
972 1385 1022 1438 aut
1049 1378 1181 1456 temptati
1209 1385 1260 1438 aut

133 1462 228 1524 sanati
251 1469 335 1524 erant
355 1461 478 1522 aliorum
501 1461 721 1538 conaminibus,
751 1463 873 1542 proprio
895 1462 986 1523 Marte
1011 1481 1101 1523 ansus
1123 1482 1189 1523 snm
1211 1482 1258 1524 re-

133 1549 266 1610 stituere.
290 1547 372 1608 nefas
387 1547 466 1608 enim
481 1546 621 1608 habehant
644 1555 747 1626 poetae
769 1548 794 1608 si
816 1567 877 1608 non
900 1547 1013 1626 optimi,
1036 1555 1065 1608 at
1087 1557 1166 1608 certe
1187 1548 1258 1608 boni

133 1633 298 1695 orationem
327 1640 386 1694 tarn
415 1631 509 1692 foedis
538 1632 726 1693 deformatam
749 1632 864 1694 mendis
886 1651 1070 1712 proponere,
1100 1651 1168 1692 cum
1197 1632 1259 1693 vol-

134 1716 257 1780 neribus
279 1717 336 1776 illis
358 1716 497 1777 curandis
517 1717 653 1777 salutaria
669 1736 730 1778 non
746 1719 882 1778 deessent
896 1717 1097 1778 medicamina.
1127 1725 1262 1778 ceterum·

132 1805 264 1865 lecturos
287 1819 370 1880 rogo,
394 1821 431 1863 ne
453 1801 538 1880 prius
559 1801 667 1862 iaciant
688 1803 725 1862 de
747 1801 873 1880 singulis
895 1801 968 1862 locis
990 1801 1146 1876 iudicium,
1169 1820 1260 1881 quana

18 1937 29 1959 A.
133 1908 167 1951 ea
188 1887 331 1966 legerint,
361 1905 437 1965 quae
465 1887 501 1946 de
530 1885 630 1946 critica
658 1885 689 1946 in
717 1887 774 1947 hoo
803 1885 932 1948 carmine
959 1886 1114 1947 lectitanda
1136 1887 1261 1966 exposui

134 1975 165 2034 in
188 1971 381 2034 melctcmatis
404 1972 439 2032 dc
462 1970 570 2050 quibus
592 1989 682 2050 supra
705 1970 816 2032 dictum
839 1978 883 2032 est
904 1971 1074 2032 Valerianis.

221 2052 256 2118 ln
270 2056 459 2117 adnotatione
483 2054 593 2132 critica,
617 2073 685 2116 eum
708 2064 739 2116 ut
762 2063 806 2117 est
827 2056 915 2117 huius
937 2056 1073 2117 editionis
1095 2055 1169 2118 ratio
1190 2056 1261 2118 hrc-

132 2142 214 2203 vitati
249 2140 463 2202 consulendum
498 2149 590 2216 esset,
624 2160 685 2202 nou
718 2160 821 2203 omnes
851 2142 995 2222 proposui
1028 2140 1096 2201 libri
1128 2141 1258 2222 Vaticani

133 2227 307 2306 scripturas,
330 2226 381 2288 sed
404 2243 452 2287 eas
474 2233 597 2301 tanturn,
621 2243 697 2304 quae
719 2226 791 2287 mihi
813 2234 847 2287 ut
868 2226 1015 2304 graviores
1037 2233 1137 2286 notatu
1153 2226 1258 2306 dignae

133 2312 318 2384 videbantur,
341 2309 513 2390 praesertim
536 2310 566 2370 in
590 2309 625 2370 iis
647 2309 730 2385 loeis,
753 2310 804 2370 ubi
825 2309 897 2370 mihi
919 2329 935 2370 a
958 2311 1092 2371 Thilonis
1114 2311 1262 2374 sententia

135 2405 197 2459 erat
228 2395 447 2458 discedendum.
478 2413 513 2455 ex
535 2395 713 2456 coniecturis
734 2395 863 2455 virorum
887 2394 1041 2455 doctorum
1063 2403 1259 2473 praetereas,

135 2501 210 2561 quas
231 2481 341 2560 recepi,
364 2481 442 2541 haud
463 2497 574 2559 paucae
597 2488 840 2541 commemoratae
862 2487 932 2541 sunt
954 2480 984 2541 in
1008 2480 1102 2554 notis,
1132 2499 1258 2558 quarum

134 2567 255 2646 quidem
283 2565 314 2625 in
343 2564 416 2626 locis
446 2564 594 2643 corruptis
627 2565 815 2627 emendandis
845 2565 964 2644 aliquod
992 2572 1172 2626 momentum
1195 2584 1263 2626 esse

134 2651 296 2724 videbatur,
320 2658 431 2712 celeras
455 2649 590 2711 consulto
613 2649 708 2711 omisi.

221 2735 339 2809 Restat,
362 2742 395 2794 ut
409 2742 602 2813 conspectum
625 2735 776 2814 siglorunr,
799 2734 908 2813 quibus
929 2753 1002 2796 usus
1024 2753 1089 2794 surn
1112 2733 1143 2794 in
1165 2733 1257 2794 adno-

135 2822 255 2895 tatione,
277 2837 452 2899 proponam.
476 2827 507 2880 et
527 2819 643 2880 codices
665 2819 784 2898 quidem
797 2819 951 2880 Thilonem
974 2818 1148 2898 plerumque
1170 2837 1256 2879 secu-

135 2914 183 2968 tus
206 2906 288 2966 hisce
311 2904 470 2984 significavi
493 2903 614 2965 litteris:

225 2989 249 3050 V
269 2997 313 3050 est
334 2988 489 3050 Vaticanus
512 2990 594 3052 3277
618 2988 727 3049 saeculi
750 2988 789 3049 lX

221 3074 257 3135 M
275 3073 462 3135 Monacensis
486 3073 562 3150 (cod.
585 3073 633 3134 lat.
657 3075 728 3150 802,
752 3074 825 3134 Vict.
851 3075 923 3148 123)
937 3071 1045 3133 saeculi
1060 3071 1126 3146 XV,
1148 3090 1177 3132 nt
1199 3089 1262 3132 ma·

136 3179 193 3221 nus
216 3161 280 3222 eius
302 3159 391 3220 altera

222 3245 249 3306 P
269 3243 424 3305 Vaticanus
443 3244 534 3318 1613,
559 3267 577 3324 ρ
601 3243 817 3305 ottobonianus
842 3243 933 3317 1258,
956 3240 979 3302 S
1000 3241 1155 3302 Vaticanus
1180 3244 1260 3306 1614

136 3331 177 3405 (hi
206 3337 267 3392 tres
296 3329 364 3390 libri
386 3329 503 3390 sacculo
526 3328 576 3389 XV
599 3328 701 3408 scripti
723 3328 890 3408 apographa
919 3335 990 3386 sunt
1016 3325 1213 3406 sangallensis
1244 3345 1261 3387 a

134 3415 247 3494 Poggio
270 3414 382 3476 inventi
410 3432 444 3474 ac
466 3413 567 3492 postea
588 3413 749 3494 deperditi,
772 3413 823 3491 qui
846 3413 991 3474 defecerat
1017 3413 1048 3473 in
1079 3411 1146 3472 libri
1164 3411 1265 3490 quarti

134 3517 221 3560 versu
245 3499 402 3574 CCCXVII)
825 3556 832 3570 ‚

222 3583 248 3645 ll
270 3583 427 3646 Vaticanus
454 3585 546 3664 1653,
569 3583 678 3645 saeculi
700 3583 750 3644 XV
853 3614 856 3624 ·

220 3668 242 3729 t
265 3677 401 3748 excerpta
423 3668 454 3728 in
477 3667 577 3729 codice
591 3667 750 3730 Parisiensi
772 3665 1101 3743 (7617),,’111111111111

223 3754 248 3817 0
268 3755 360 3815 codex
383 3752 548 3828 0111101111,
572 3754 681 3815 saeculi
703 3753 753 3814 XV
978 3772 986 3780 ”

182 3901 191 3916 ,
221 3842 279 3902 cod.
304 3840 374 3900 Brtr.
397 3839 488 3900 codex
509 3839 682 3914 Burmanni,
705 3837 815 3900 saeculi
836 3836 888 3896 XV
