<?xml version="1.0" encoding="UTF-8"?>
<!DOCTYPE html PUBLIC "-//W3C//DTD XHTML 1.0 Transitional//EN"
    "http://www.w3.org/TR/xhtml1/DTD/xhtml1-transitional.dtd">
<html xmlns="http://www.w3.org/1999/xhtml" xml:lang="en" lang="en">
 <head>
  <title>
</title>
<meta http-equiv="Content-Type" content="text/html;charset=utf-8" />
  <meta name='ocr-system' content='tesseract 3.04.00' />
  <meta name='ocr-capabilities' content='ocr_page ocr_carea ocr_par ocr_line ocrx_word'/>
</head>
<body>
  <div class='ocr_page' id='page_1' title='image "./cvaleriflaccise00flacgoog_0172.png"; bbox 0 0 2780 4350; ppageno 0'>
   <div class='ocr_carea' id='block_1_1' title="bbox 404 221 1191 282">
    <p class='ocr_par' dir='ltr' id='par_1_1' title="bbox 404 221 1191 282">
     <span class='ocr_line' id='line_1_1' title="bbox 404 221 1191 282; baseline 0.005 -6"><span class='ocrx_word' id='word_1_1' title='bbox 404 224 657 278; x_wconf 80' lang='lat' dir='ltr'>ARGOMAV&#39;MCON</span> <span class='ocrx_word' id='word_1_2' title='bbox 676 227 768 278; x_wconf 82' lang='lat' dir='ltr'>LIBER</span> <span class='ocrx_word' id='word_1_3' title='bbox 788 227 848 279; x_wconf 89' lang='lat' dir='ltr'>Vlll.</span> <span class='ocrx_word' id='word_1_4' title='bbox 1133 221 1191 282; x_wconf 77' lang='grc'>155</span> 
     </span>
    </p>
   </div>
   <div class='ocr_carea' id='block_1_2' title="bbox 149 379 1095 3707">
    <p class='ocr_par' dir='ltr' id='par_1_2' title="bbox 150 379 1034 1384">
     <span class='ocr_line' id='line_1_2' title="bbox 195 379 956 462; baseline 0.003 -20"><span class='ocrx_word' id='word_1_5' title='bbox 195 381 269 443; x_wconf 88' lang='lat' dir='ltr'>Cum</span> <span class='ocrx_word' id='word_1_6' title='bbox 291 381 403 443; x_wconf 89' lang='lat' dir='ltr'>subitas</span> <span class='ocrx_word' id='word_1_7' title='bbox 424 379 522 443; x_wconf 83' lang='lat' dir='ltr'>videre</span> <span class='ocrx_word' id='word_1_8' title='bbox 544 389 621 444; x_wconf 88' lang='lat' dir='ltr'>rates</span> <span class='ocrx_word' id='word_1_9' title='bbox 642 382 811 462; x_wconf 76' lang='lat' dir='ltr'>vibrataque</span> <span class='ocrx_word' id='word_1_10' title='bbox 832 384 956 445; x_wconf 85' lang='lat' dir='ltr'>llanrmis</span> 
     </span>
     <span class='ocr_line' id='line_1_3' title="bbox 151 468 946 548; baseline 0.001 -20"><span class='ocrx_word' id='word_1_11' title='bbox 151 485 290 547; x_wconf 85' lang='lat' dir='ltr'>aequora,</span> <span class='ocrx_word' id='word_1_12' title='bbox 313 485 373 528; x_wconf 90' lang='lat' dir='ltr'>uon</span> <span class='ocrx_word' id='word_1_13' title='bbox 397 485 469 528; x_wconf 87' lang='lat' dir='ltr'>vana</span> <span class='ocrx_word' id='word_1_14' title='bbox 491 468 605 548; x_wconf 77' lang='lat' dir='ltr'>Minyae</span> <span class='ocrx_word' id='word_1_15' title='bbox 627 468 787 530; x_wconf 87' lang='lat' dir='ltr'>formidine</span> <span class='ocrx_word' id='word_1_16' title='bbox 810 476 946 548; x_wconf 78' lang='lat' dir='ltr'>surgunt,</span> 
     </span>
     <span class='ocr_line' id='line_1_4' title="bbox 150 552 921 634; baseline 0 -21"><span class='ocrx_word' id='word_1_17' title='bbox 150 553 265 634; x_wconf 88' lang='lat' dir='ltr'>primus</span> <span class='ocrx_word' id='word_1_18' title='bbox 288 552 368 614; x_wconf 91' lang='lat' dir='ltr'>etin</span> <span class='ocrx_word' id='word_1_19' title='bbox 391 571 523 633; x_wconf 91' lang='lat' dir='ltr'>puppem</span> <span class='ocrx_word' id='word_1_20' title='bbox 545 555 658 615; x_wconf 89' lang='lat' dir='ltr'>deserta</span> <span class='ocrx_word' id='word_1_21' title='bbox 680 554 794 633; x_wconf 82' lang='lat' dir='ltr'>virgine</span> <span class='ocrx_word' id='word_1_22' title='bbox 816 556 921 615; x_wconf 91' lang='lat' dir='ltr'>ductor</span> 
     </span>
     <span class='ocr_line' id='line_1_5' title="bbox 150 637 956 720; baseline 0.002 -22"><span class='ocrx_word' id='word_1_23' title='bbox 150 637 268 718; x_wconf 85' lang='lat' dir='ltr'>prosilit</span> <span class='ocrx_word' id='word_1_24' title='bbox 290 646 319 698; x_wconf 89' lang='lat' dir='ltr'>et</span> <span class='ocrx_word' id='word_1_25' title='bbox 340 657 455 700; x_wconf 88' lang='lat' dir='ltr'>summa</span> <span class='ocrx_word' id='word_1_26' title='bbox 478 640 587 718; x_wconf 84' lang='lat' dir='ltr'>galeam</span> <span class='ocrx_word' id='word_1_27' title='bbox 610 640 687 720; x_wconf 80' lang='lat' dir='ltr'>rapit</span> <span class='ocrx_word' id='word_1_28' title='bbox 709 641 786 702; x_wconf 88' lang='lat' dir='ltr'>altus</span> <span class='ocrx_word' id='word_1_29' title='bbox 806 639 843 700; x_wconf 92' lang='lat' dir='ltr'>ab</span> <span class='ocrx_word' id='word_1_30' title='bbox 865 641 956 714; x_wconf 88' lang='lat' dir='ltr'>hasta,</span> 
     </span>
     <span class='ocr_line' id='line_1_6' title="bbox 153 723 952 805; baseline 0.001 -21"><span class='ocrx_word' id='word_1_31' title='bbox 153 743 223 785; x_wconf 86' lang='lat' dir='ltr'>ense</span> <span class='ocrx_word' id='word_1_32' title='bbox 246 723 334 785; x_wconf 90' lang='lat' dir='ltr'>simul</span> <span class='ocrx_word' id='word_1_33' title='bbox 358 723 512 804; x_wconf 87' lang='lat' dir='ltr'>clipeoque</span> <span class='ocrx_word' id='word_1_34' title='bbox 535 725 637 799; x_wconf 90' lang='lat' dir='ltr'>micat;</span> <span class='ocrx_word' id='word_1_35' title='bbox 661 743 718 786; x_wconf 89' lang='lat' dir='ltr'>nec</span> <span class='ocrx_word' id='word_1_36' title='bbox 739 733 835 787; x_wconf 88' lang='lat' dir='ltr'>cetera</span> <span class='ocrx_word' id='word_1_37' title='bbox 858 725 952 805; x_wconf 82' lang='lat' dir='ltr'>pubes</span> 
     </span>
     <span class='ocr_line' id='line_1_7' title="bbox 152 809 860 889; baseline 0.001 -19"><span class='ocrx_word' id='word_1_38' title='bbox 152 809 273 889; x_wconf 79' lang='lat' dir='ltr'>segnius</span> <span class='ocrx_word' id='word_1_39' title='bbox 295 809 425 888; x_wconf 83' lang='lat' dir='ltr'>adreptis</span> <span class='ocrx_word' id='word_1_40' title='bbox 447 810 478 870; x_wconf 91' lang='lat' dir='ltr'>in</span> <span class='ocrx_word' id='word_1_41' title='bbox 501 810 587 870; x_wconf 85' lang='lat' dir='ltr'>litore</span> <span class='ocrx_word' id='word_1_42' title='bbox 610 811 742 872; x_wconf 89' lang='lat' dir='ltr'>constitit</span> <span class='ocrx_word' id='word_1_43' title='bbox 762 811 860 872; x_wconf 89' lang='lat' dir='ltr'>armis.</span> 
     </span>
     <span class='ocr_line' id='line_1_8' title="bbox 152 895 1034 975; baseline 0 -19"><span class='ocrx_word' id='word_1_44' title='bbox 152 902 181 956; x_wconf 88' lang='lat' dir='ltr'>at</span> <span class='ocrx_word' id='word_1_45' title='bbox 202 895 254 955; x_wconf 89' lang='lat' dir='ltr'>tibi</span> <span class='ocrx_word' id='word_1_46' title='bbox 277 914 352 975; x_wconf 90' lang='lat' dir='ltr'>quae</span> <span class='ocrx_word' id='word_1_47' title='bbox 375 896 520 956; x_wconf 87' lang='lat' dir='ltr'>scelerum</span> <span class='ocrx_word' id='word_1_48' title='bbox 541 896 640 970; x_wconf 87' lang='lat' dir='ltr'>facies,</span> <span class='ocrx_word' id='word_1_49' title='bbox 663 896 773 969; x_wconf 84' lang='lat' dir='ltr'>Medea,</span> <span class='ocrx_word' id='word_1_50' title='bbox 796 895 942 956; x_wconf 75' lang='lat' dir='ltr'>tuorum‘.l</span> <span class='ocrx_word' id='word_1_51' title='bbox 1027 904 1034 918; x_wconf 88' lang='grc'>·</span> 
     </span>
     <span class='ocr_line' id='line_1_9' title="bbox 153 979 982 1060; baseline -0.001 -19"><span class='ocrx_word' id='word_1_52' title='bbox 153 981 254 1059; x_wconf 88' lang='lat' dir='ltr'>quisve</span> <span class='ocrx_word' id='word_1_53' title='bbox 276 980 373 1060; x_wconf 88' lang='lat' dir='ltr'>pudor</span> <span class='ocrx_word' id='word_1_54' title='bbox 396 979 521 1042; x_wconf 90' lang='lat' dir='ltr'>Colchos</span> <span class='ocrx_word' id='word_1_55' title='bbox 543 981 650 1042; x_wconf 86' lang='lat' dir='ltr'>iterum</span> <span class='ocrx_word' id='word_1_56' title='bbox 672 983 851 1060; x_wconf 82' lang='lat' dir='ltr'>fratremque</span> <span class='ocrx_word' id='word_1_57' title='bbox 872 981 982 1042; x_wconf 80' lang='lat' dir='ltr'>ridenti</span> 
     </span>
     <span class='ocr_line' id='line_1_10' title="bbox 153 1065 954 1147; baseline -0.001 -20"><span class='ocrx_word' id='word_1_58' title='bbox 153 1065 296 1144; x_wconf 91' lang='lat' dir='ltr'>quidquid</span> <span class='ocrx_word' id='word_1_59' title='bbox 319 1072 348 1126; x_wconf 91' lang='lat' dir='ltr'>et</span> <span class='ocrx_word' id='word_1_60' title='bbox 369 1066 517 1128; x_wconf 87' lang='lat' dir='ltr'>abscisum</span> <span class='ocrx_word' id='word_1_61' title='bbox 539 1074 619 1127; x_wconf 85' lang='lat' dir='ltr'>vasto</span> <span class='ocrx_word' id='word_1_62' title='bbox 641 1067 698 1128; x_wconf 89' lang='lat' dir='ltr'>iam</span> <span class='ocrx_word' id='word_1_63' title='bbox 719 1073 782 1128; x_wconf 94' lang='lat' dir='ltr'>tuta</span> <span class='ocrx_word' id='word_1_64' title='bbox 804 1067 954 1147; x_wconf 90' lang='lat' dir='ltr'>profundo</span> 
     </span>
     <span class='ocr_line' id='line_1_11' title="bbox 152 1149 921 1231; baseline 0.001 -20"><span class='ocrx_word' id='word_1_65' title='bbox 152 1149 342 1212; x_wconf 81' lang='lat' dir='ltr'>credideras?</span> <span class='ocrx_word' id='word_1_66' title='bbox 365 1169 436 1231; x_wconf 84' lang='lat' dir='ltr'>ergo</span> <span class='ocrx_word' id='word_1_67' title='bbox 457 1152 586 1212; x_wconf 88' lang='lat' dir='ltr'>infausto</span> <span class='ocrx_word' id='word_1_68' title='bbox 609 1169 674 1214; x_wconf 90' lang='lat' dir='ltr'>sese</span> <span class='ocrx_word' id='word_1_69' title='bbox 697 1151 806 1213; x_wconf 76' lang='lat' dir='ltr'>occulit</span> <span class='ocrx_word' id='word_1_70' title='bbox 826 1160 921 1225; x_wconf 88' lang='lat' dir='ltr'>antro,</span> 
     </span>
     <span class='ocr_line' id='line_1_12' title="bbox 152 1235 939 1315; baseline 0 -18"><span class='ocrx_word' id='word_1_71' title='bbox 152 1255 213 1297; x_wconf 90' lang='lat' dir='ltr'>nou</span> <span class='ocrx_word' id='word_1_72' title='bbox 237 1235 315 1297; x_wconf 90' lang='lat' dir='ltr'>abud</span> <span class='ocrx_word' id='word_1_73' title='bbox 337 1254 425 1315; x_wconf 87' lang='lat' dir='ltr'>quam</span> <span class='ocrx_word' id='word_1_74' title='bbox 448 1244 527 1298; x_wconf 89' lang='lat' dir='ltr'>certa</span> <span class='ocrx_word' id='word_1_75' title='bbox 549 1237 635 1311; x_wconf 92' lang='lat' dir='ltr'>mori,</span> <span class='ocrx_word' id='word_1_76' title='bbox 658 1257 712 1299; x_wconf 89' lang='lat' dir='ltr'>seu</span> <span class='ocrx_word' id='word_1_77' title='bbox 734 1255 821 1299; x_wconf 84' lang='lat' dir='ltr'>carus</span> <span class='ocrx_word' id='word_1_78' title='bbox 843 1237 939 1311; x_wconf 85' lang='lat' dir='ltr'>lason,</span> 
     </span>
     <span class='ocr_line' id='line_1_13' title="bbox 152 1321 888 1384; baseline 0 -2"><span class='ocrx_word' id='word_1_79' title='bbox 152 1341 205 1382; x_wconf 89' lang='lat' dir='ltr'>seu</span> <span class='ocrx_word' id='word_1_80' title='bbox 227 1322 318 1382; x_wconf 86' lang='lat' dir='ltr'>frater</span> <span class='ocrx_word' id='word_1_81' title='bbox 340 1321 425 1383; x_wconf 88' lang='lat' dir='ltr'>Graia</span> <span class='ocrx_word' id='word_1_82' title='bbox 446 1322 541 1383; x_wconf 90' lang='lat' dir='ltr'>victus</span> <span class='ocrx_word' id='word_1_83' title='bbox 563 1322 718 1384; x_wconf 88' lang='lat' dir='ltr'>cecidisset</span> <span class='ocrx_word' id='word_1_84' title='bbox 739 1321 775 1384; x_wconf 93' lang='lat' dir='ltr'>ab</span> <span class='ocrx_word' id='word_1_85' title='bbox 797 1323 888 1383; x_wconf 90' lang='lat' dir='ltr'>hasta.</span> 
     </span>
    </p>

    <p class='ocr_par' dir='ltr' id='par_1_3' title="bbox 151 1407 1072 2254">
     <span class='ocr_line' id='line_1_14' title="bbox 195 1407 1024 1487; baseline 0 -21"><span class='ocrx_word' id='word_1_86' title='bbox 195 1407 280 1467; x_wconf 89' lang='lat' dir='ltr'>Haud</span> <span class='ocrx_word' id='word_1_87' title='bbox 302 1407 340 1467; x_wconf 92' lang='lat' dir='ltr'>ita</span> <span class='ocrx_word' id='word_1_88' title='bbox 362 1409 415 1468; x_wconf 91' lang='lat' dir='ltr'>sed</span> <span class='ocrx_word' id='word_1_89' title='bbox 436 1426 552 1469; x_wconf 90' lang='lat' dir='ltr'>summo</span> <span class='ocrx_word' id='word_1_90' title='bbox 574 1409 673 1487; x_wconf 80' lang='lat' dir='ltr'>segnis</span> <span class='ocrx_word' id='word_1_91' title='bbox 696 1409 777 1470; x_wconf 91' lang='lat' dir='ltr'>sedet</span> <span class='ocrx_word' id='word_1_92' title='bbox 799 1409 917 1470; x_wconf 89' lang='lat' dir='ltr'>aethere</span> <span class='ocrx_word' id='word_1_93' title='bbox 940 1407 1024 1482; x_wconf 87' lang='lat' dir='ltr'>luno,</span> 
     </span>
     <span class='ocr_line' id='line_1_15' title="bbox 151 1492 892 1574; baseline 0.004 -22"><span class='ocrx_word' id='word_1_94' title='bbox 151 1500 203 1553; x_wconf 88' lang='lat' dir='ltr'>aut</span> <span class='ocrx_word' id='word_1_95' title='bbox 224 1492 295 1553; x_wconf 86' lang='lat' dir='ltr'>sinit</span> <span class='ocrx_word' id='word_1_96' title='bbox 317 1500 444 1554; x_wconf 82' lang='lat' dir='ltr'>extrema</span> <span class='ocrx_word' id='word_1_97' title='bbox 466 1494 579 1574; x_wconf 87' lang='lat' dir='ltr'>Minyas</span> <span class='ocrx_word' id='word_1_98' title='bbox 602 1495 760 1555; x_wconf 89' lang='lat' dir='ltr'>decernere</span> <span class='ocrx_word' id='word_1_99' title='bbox 783 1513 892 1574; x_wconf 80' lang='lat' dir='ltr'>pugna,</span> 
     </span>
     <span class='ocr_line' id='line_1_16' title="bbox 152 1579 1062 1659; baseline 0 -21"><span class='ocrx_word' id='word_1_100' title='bbox 152 1597 208 1638; x_wconf 91' lang='lat' dir='ltr'>nec</span> <span class='ocrx_word' id='word_1_101' title='bbox 230 1597 356 1638; x_wconf 89' lang='lat' dir='ltr'>numero</span> <span class='ocrx_word' id='word_1_102' title='bbox 378 1579 518 1657; x_wconf 90' lang='lat' dir='ltr'>quoniam</span> <span class='ocrx_word' id='word_1_103' title='bbox 541 1579 667 1653; x_wconf 80' lang='lat' dir='ltr'>Colchis,</span> <span class='ocrx_word' id='word_1_104' title='bbox 690 1599 746 1641; x_wconf 90' lang='lat' dir='ltr'>nec</span> <span class='ocrx_word' id='word_1_105' title='bbox 767 1579 920 1659; x_wconf 87' lang='lat' dir='ltr'>puppibus</span> <span class='ocrx_word' id='word_1_106' title='bbox 942 1597 1062 1658; x_wconf 86' lang='lat' dir='ltr'>aequos.</span> 
     </span>
     <span class='ocr_line' id='line_1_17' title="bbox 152 1663 967 1744; baseline 0.001 -21"><span class='ocrx_word' id='word_1_107' title='bbox 152 1683 223 1742; x_wconf 83' lang='lat' dir='ltr'>ergo</span> <span class='ocrx_word' id='word_1_108' title='bbox 245 1663 297 1724; x_wconf 92' lang='lat' dir='ltr'>ubi</span> <span class='ocrx_word' id='word_1_109' title='bbox 319 1663 382 1724; x_wconf 87' lang='lat' dir='ltr'>diva</span> <span class='ocrx_word' id='word_1_110' title='bbox 404 1672 481 1726; x_wconf 89' lang='lat' dir='ltr'>rates</span> <span class='ocrx_word' id='word_1_111' title='bbox 504 1665 679 1744; x_wconf 87' lang='lat' dir='ltr'>hostemque</span> <span class='ocrx_word' id='word_1_112' title='bbox 701 1665 841 1726; x_wconf 90' lang='lat' dir='ltr'>accedere</span> <span class='ocrx_word' id='word_1_113' title='bbox 863 1665 967 1738; x_wconf 84' lang='lat' dir='ltr'>cernit,</span> 
     </span>
     <span class='ocr_line' id='line_1_18' title="bbox 152 1748 880 1829; baseline 0.004 -21"><span class='ocrx_word' id='word_1_114' title='bbox 152 1748 215 1828; x_wconf 87' lang='lat' dir='ltr'>ipsa</span> <span class='ocrx_word' id='word_1_115' title='bbox 239 1748 318 1809; x_wconf 90' lang='lat' dir='ltr'>subit</span> <span class='ocrx_word' id='word_1_116' title='bbox 338 1756 432 1810; x_wconf 89' lang='lat' dir='ltr'>terras</span> <span class='ocrx_word' id='word_1_117' title='bbox 453 1757 721 1829; x_wconf 90' lang='lat' dir='ltr'>tempestatumque</span> <span class='ocrx_word' id='word_1_118' title='bbox 743 1749 880 1828; x_wconf 79' lang='lat' dir='ltr'>refringit</span> 
     </span>
     <span class='ocr_line' id='line_1_19' title="bbox 151 1833 1072 1915; baseline 0 -21"><span class='ocrx_word' id='word_1_119' title='bbox 151 1841 366 1912; x_wconf 90' lang='lat' dir='ltr'>ventorumque</span> <span class='ocrx_word' id='word_1_120' title='bbox 388 1835 500 1899; x_wconf 89' lang='lat' dir='ltr'>domos.</span> <span class='ocrx_word' id='word_1_121' title='bbox 544 1836 697 1896; x_wconf 89' lang='lat' dir='ltr'>volucrum</span> <span class='ocrx_word' id='word_1_122' title='bbox 719 1853 792 1915; x_wconf 83' lang='lat' dir='ltr'>gens</span> <span class='ocrx_word' id='word_1_123' title='bbox 812 1833 928 1895; x_wconf 89' lang='lat' dir='ltr'>turbida</span> <span class='ocrx_word' id='word_1_124' title='bbox 949 1835 1072 1894; x_wconf 80' lang='lat' dir='ltr'>fratrum</span> 
     </span>
     <span class='ocr_line' id='line_1_20' title="bbox 152 1919 891 1998; baseline 0 -18"><span class='ocrx_word' id='word_1_125' title='bbox 152 1919 291 1998; x_wconf 89' lang='lat' dir='ltr'>erumpit,</span> <span class='ocrx_word' id='word_1_126' title='bbox 314 1920 436 1981; x_wconf 88' lang='lat' dir='ltr'>classem</span> <span class='ocrx_word' id='word_1_127' title='bbox 457 1921 557 1981; x_wconf 84' lang='lat' dir='ltr'>dextra</span> <span class='ocrx_word' id='word_1_128' title='bbox 579 1921 716 1982; x_wconf 84' lang='lat' dir='ltr'>Saturnia</span> <span class='ocrx_word' id='word_1_129' title='bbox 738 1928 891 1981; x_wconf 88' lang='lat' dir='ltr'>monstrat.</span> 
     </span>
     <span class='ocr_line' id='line_1_21' title="bbox 152 2004 1009 2086; baseline 0.004 -24"><span class='ocrx_word' id='word_1_130' title='bbox 152 2004 260 2079; x_wconf 89' lang='lat' dir='ltr'>videre,</span> <span class='ocrx_word' id='word_1_131' title='bbox 283 2005 374 2083; x_wconf 90' lang='lat' dir='ltr'>inque</span> <span class='ocrx_word' id='word_1_132' title='bbox 397 2023 491 2066; x_wconf 92' lang='lat' dir='ltr'>unum</span> <span class='ocrx_word' id='word_1_133' title='bbox 512 2005 623 2085; x_wconf 85' lang='lat' dir='ltr'>pariter</span> <span class='ocrx_word' id='word_1_134' title='bbox 644 2025 724 2067; x_wconf 90' lang='lat' dir='ltr'>mare</span> <span class='ocrx_word' id='word_1_135' title='bbox 746 2007 883 2086; x_wconf 91' lang='lat' dir='ltr'>protinus</span> <span class='ocrx_word' id='word_1_136' title='bbox 906 2025 1009 2066; x_wconf 89' lang='lat' dir='ltr'>omnes</span> 
     </span>
     <span class='ocr_line' id='line_1_22' title="bbox 152 2090 861 2170; baseline 0 -19"><span class='ocrx_word' id='word_1_137' title='bbox 152 2090 260 2152; x_wconf 90' lang='lat' dir='ltr'>infesto</span> <span class='ocrx_word' id='word_1_138' title='bbox 282 2091 409 2152; x_wconf 89' lang='lat' dir='ltr'>clamore</span> <span class='ocrx_word' id='word_1_139' title='bbox 430 2099 523 2152; x_wconf 90' lang='lat' dir='ltr'>ruunt</span> <span class='ocrx_word' id='word_1_140' title='bbox 544 2091 721 2170; x_wconf 90' lang='lat' dir='ltr'>inimicaque</span> <span class='ocrx_word' id='word_1_141' title='bbox 745 2091 861 2153; x_wconf 82' lang='lat' dir='ltr'>Colchis</span> 
     </span>
     <span class='ocr_line' id='line_1_23' title="bbox 152 2176 931 2254; baseline 0 -18"><span class='ocrx_word' id='word_1_142' title='bbox 152 2193 281 2254; x_wconf 90' lang='lat' dir='ltr'>aequora</span> <span class='ocrx_word' id='word_1_143' title='bbox 304 2183 333 2236; x_wconf 91' lang='lat' dir='ltr'>ct</span> <span class='ocrx_word' id='word_1_144' title='bbox 355 2176 491 2238; x_wconf 89' lang='lat' dir='ltr'>adversos</span> <span class='ocrx_word' id='word_1_145' title='bbox 513 2184 647 2238; x_wconf 87' lang='lat' dir='ltr'>statuunt</span> <span class='ocrx_word' id='word_1_146' title='bbox 668 2197 684 2238; x_wconf 91' lang='lat' dir='ltr'>a</span> <span class='ocrx_word' id='word_1_147' title='bbox 706 2177 791 2240; x_wconf 90' lang='lat' dir='ltr'>litore</span> <span class='ocrx_word' id='word_1_148' title='bbox 813 2179 931 2238; x_wconf 88' lang='lat' dir='ltr'>fluctus.</span> 
     </span>
    </p>

    <p class='ocr_par' dir='ltr' id='par_1_4' title="bbox 149 2260 1095 3707">
     <span class='ocr_line' id='line_1_24' title="bbox 195 2260 922 2342; baseline 0.003 -22"><span class='ocrx_word' id='word_1_149' title='bbox 195 2260 322 2322; x_wconf 85' lang='lat' dir='ltr'>Tollitur</span> <span class='ocrx_word' id='word_1_150' title='bbox 342 2269 429 2340; x_wconf 89' lang='lat' dir='ltr'>atque</span> <span class='ocrx_word' id='word_1_151' title='bbox 452 2262 528 2322; x_wconf 84' lang='lat' dir='ltr'>intra</span> <span class='ocrx_word' id='word_1_152' title='bbox 550 2262 662 2341; x_wconf 79' lang='lat' dir='ltr'>Minyas</span> <span class='ocrx_word' id='word_1_153' title='bbox 685 2264 840 2342; x_wconf 77' lang='lat' dir='ltr'>Argoaque</span> <span class='ocrx_word' id='word_1_154' title='bbox 861 2263 922 2322; x_wconf 91' lang='lat' dir='ltr'>vela</span> 
     </span>
     <span class='ocr_line' id='line_1_25' title="bbox 152 2346 813 2426; baseline 0.003 -20"><span class='ocrx_word' id='word_1_155' title='bbox 152 2347 257 2426; x_wconf 82' lang='lat' dir='ltr'>Styrus</span> <span class='ocrx_word' id='word_1_156' title='bbox 279 2347 355 2420; x_wconf 90' lang='lat' dir='ltr'>obit;</span> <span class='ocrx_word' id='word_1_157' title='bbox 378 2355 458 2408; x_wconf 88' lang='lat' dir='ltr'>vasto</span> <span class='ocrx_word' id='word_1_158' title='bbox 480 2363 585 2408; x_wconf 88' lang='lat' dir='ltr'>rursus</span> <span class='ocrx_word' id='word_1_159' title='bbox 606 2346 712 2408; x_wconf 88' lang='lat' dir='ltr'>desidit</span> <span class='ocrx_word' id='word_1_160' title='bbox 732 2347 813 2408; x_wconf 89' lang='lat' dir='ltr'>biatu</span> 
     </span>
     <span class='ocr_line' id='line_1_26' title="bbox 151 2432 982 2512; baseline -0.001 -19"><span class='ocrx_word' id='word_1_161' title='bbox 151 2432 275 2511; x_wconf 86' lang='lat' dir='ltr'>abrupta</span> <span class='ocrx_word' id='word_1_162' title='bbox 297 2432 448 2493; x_wconf 91' lang='lat' dir='ltr'>revolutus</span> <span class='ocrx_word' id='word_1_163' title='bbox 469 2451 553 2512; x_wconf 90' lang='lat' dir='ltr'>aqua.</span> <span class='ocrx_word' id='word_1_164' title='bbox 598 2434 714 2512; x_wconf 90' lang='lat' dir='ltr'>iamque</span> <span class='ocrx_word' id='word_1_165' title='bbox 735 2432 832 2493; x_wconf 91' lang='lat' dir='ltr'>omnis</span> <span class='ocrx_word' id='word_1_166' title='bbox 853 2432 883 2492; x_wconf 91' lang='lat' dir='ltr'>in</span> <span class='ocrx_word' id='word_1_167' title='bbox 906 2439 982 2492; x_wconf 89' lang='lat' dir='ltr'>astra</span> 
     </span>
     <span class='ocr_line' id='line_1_27' title="bbox 152 2517 946 2598; baseline 0.001 -22"><span class='ocrx_word' id='word_1_168' title='bbox 152 2517 234 2595; x_wconf 92' lang='lat' dir='ltr'>itque</span> <span class='ocrx_word' id='word_1_169' title='bbox 256 2517 390 2596; x_wconf 87' lang='lat' dir='ltr'>reditque</span> <span class='ocrx_word' id='word_1_170' title='bbox 412 2518 492 2593; x_wconf 87' lang='lat' dir='ltr'>ratis,</span> <span class='ocrx_word' id='word_1_171' title='bbox 515 2517 658 2598; x_wconf 87' lang='lat' dir='ltr'>lapsoque</span> <span class='ocrx_word' id='word_1_172' title='bbox 680 2518 833 2598; x_wconf 88' lang='lat' dir='ltr'>reciproca</span> <span class='ocrx_word' id='word_1_173' title='bbox 854 2518 946 2578; x_wconf 91' lang='lat' dir='ltr'>fluctu</span> 
     </span>
     <span class='ocr_line' id='line_1_28' title="bbox 153 2603 932 2683; baseline 0.001 -21"><span class='ocrx_word' id='word_1_174' title='bbox 153 2603 313 2662; x_wconf 88' lang='lat' dir='ltr'>descendit.</span> <span class='ocrx_word' id='word_1_175' title='bbox 344 2611 426 2664; x_wconf 89' lang='lat' dir='ltr'>vorat</span> <span class='ocrx_word' id='word_1_176' title='bbox 447 2605 502 2665; x_wconf 88' lang='lat' dir='ltr'>hos</span> <span class='ocrx_word' id='word_1_177' title='bbox 524 2611 632 2680; x_wconf 84' lang='lat' dir='ltr'>vertex,</span> <span class='ocrx_word' id='word_1_178' title='bbox 655 2605 710 2664; x_wconf 90' lang='lat' dir='ltr'>hos</span> <span class='ocrx_word' id='word_1_179' title='bbox 732 2603 849 2683; x_wconf 84' lang='lat' dir='ltr'>agmine</span> <span class='ocrx_word' id='word_1_180' title='bbox 871 2611 932 2664; x_wconf 92' lang='lat' dir='ltr'>toto</span> 
     </span>
     <span class='ocr_line' id='line_1_29' title="bbox 154 2687 1048 2768; baseline -0.001 -21"><span class='ocrx_word' id='word_1_181' title='bbox 154 2705 262 2766; x_wconf 80' lang='lat' dir='ltr'>gurges</span> <span class='ocrx_word' id='word_1_182' title='bbox 285 2687 352 2765; x_wconf 81' lang='lat' dir='ltr'>agit.</span> <span class='ocrx_word' id='word_1_183' title='bbox 397 2688 484 2749; x_wconf 91' lang='lat' dir='ltr'>simul</span> <span class='ocrx_word' id='word_1_184' title='bbox 506 2690 537 2749; x_wconf 90' lang='lat' dir='ltr'>iu</span> <span class='ocrx_word' id='word_1_185' title='bbox 559 2689 658 2750; x_wconf 86' lang='lat' dir='ltr'>vultus</span> <span class='ocrx_word' id='word_1_186' title='bbox 680 2689 767 2750; x_wconf 90' lang='lat' dir='ltr'>micat</span> <span class='ocrx_word' id='word_1_187' title='bbox 789 2689 921 2768; x_wconf 90' lang='lat' dir='ltr'>undique</span> <span class='ocrx_word' id='word_1_188' title='bbox 943 2696 1048 2760; x_wconf 87' lang='lat' dir='ltr'>terror,</span> 
     </span>
     <span class='ocr_line' id='line_1_30' title="bbox 153 2771 832 2852; baseline 0.003 -20"><span class='ocrx_word' id='word_1_189' title='bbox 153 2771 256 2834; x_wconf 88' lang='lat' dir='ltr'>crebra</span> <span class='ocrx_word' id='word_1_190' title='bbox 278 2773 364 2834; x_wconf 89' lang='lat' dir='ltr'>ruina</span> <span class='ocrx_word' id='word_1_191' title='bbox 385 2774 447 2852; x_wconf 92' lang='lat' dir='ltr'>poli</span> <span class='ocrx_word' id='word_1_192' title='bbox 469 2774 604 2834; x_wconf 88' lang='lat' dir='ltr'>caelestia</span> <span class='ocrx_word' id='word_1_193' title='bbox 625 2774 726 2836; x_wconf 89' lang='lat' dir='ltr'>limina</span> <span class='ocrx_word' id='word_1_194' title='bbox 747 2775 832 2835; x_wconf 84' lang='lat' dir='ltr'>laxat.</span> 
     </span>
     <span class='ocr_line' id='line_1_31' title="bbox 153 2858 850 2937; baseline 0 -19"><span class='ocrx_word' id='word_1_195' title='bbox 153 2875 213 2918; x_wconf 91' lang='lat' dir='ltr'>non</span> <span class='ocrx_word' id='word_1_196' title='bbox 236 2865 333 2919; x_wconf 73' lang='lat' dir='ltr'>mmcn</span> <span class='ocrx_word' id='word_1_197' title='bbox 356 2858 485 2920; x_wconf 90' lang='lat' dir='ltr'>ardentis</span> <span class='ocrx_word' id='word_1_198' title='bbox 507 2858 585 2937; x_wconf 88' lang='lat' dir='ltr'>Styri</span> <span class='ocrx_word' id='word_1_199' title='bbox 606 2858 743 2920; x_wconf 89' lang='lat' dir='ltr'>violentia</span> <span class='ocrx_word' id='word_1_200' title='bbox 764 2859 850 2920; x_wconf 89' lang='lat' dir='ltr'>cedit.</span> 
     </span>
     <span class='ocr_line' id='line_1_32' title="bbox 153 2943 887 3024; baseline 0.001 -22"><span class='ocrx_word' id='word_1_201' title='bbox 153 2944 295 3017; x_wconf 81' lang='lat' dir='ltr'>hortatur¹</span> <span class='ocrx_word' id='word_1_202' title='bbox 308 2943 404 3004; x_wconf 91' lang='lat' dir='ltr'>socios</span> <span class='ocrx_word' id='word_1_203' title='bbox 425 2943 520 3004; x_wconf 91' lang='lat' dir='ltr'>media</span> <span class='ocrx_word' id='word_1_204' title='bbox 541 2944 620 3005; x_wconf 90' lang='lat' dir='ltr'>inter</span> <span class='ocrx_word' id='word_1_205' title='bbox 640 2944 752 3024; x_wconf 88' lang='lat' dir='ltr'>proelia</span> <span class='ocrx_word' id='word_1_206' title='bbox 774 2944 887 3005; x_wconf 77' lang='lat' dir='ltr'>diuum:</span> 
     </span>
     <span class='ocr_line' id='line_1_33' title="bbox 149 3021 995 3110; baseline 0 -22"><span class='ocrx_word' id='word_1_207' title='bbox 149 3021 319 3089; x_wconf 85' lang='lat' dir='ltr'>‘transferet</span> <span class='ocrx_word' id='word_1_208' title='bbox 341 3047 412 3107; x_wconf 83' lang='lat' dir='ltr'>ergo</span> <span class='ocrx_word' id='word_1_209' title='bbox 433 3047 512 3090; x_wconf 91' lang='lat' dir='ltr'>meas</span> <span class='ocrx_word' id='word_1_210' title='bbox 534 3030 564 3089; x_wconf 91' lang='lat' dir='ltr'>in</span> <span class='ocrx_word' id='word_1_211' title='bbox 588 3048 662 3107; x_wconf 92' lang='lat' dir='ltr'>quae</span> <span class='ocrx_word' id='word_1_212' title='bbox 684 3029 761 3090; x_wconf 89' lang='lat' dir='ltr'>volet</span> <span class='ocrx_word' id='word_1_213' title='bbox 782 3030 890 3110; x_wconf 90' lang='lat' dir='ltr'>oppida</span> <span class='ocrx_word' id='word_1_214' title='bbox 912 3030 995 3091; x_wconf 89' lang='lat' dir='ltr'>dotes</span> 
     </span>
     <span class='ocr_line' id='line_1_34' title="bbox 155 3111 972 3176; baseline 0 -2"><span class='ocrx_word' id='word_1_215' title='bbox 155 3111 295 3174; x_wconf 79' lang='lat' dir='ltr'>Colchis?</span> <span class='ocrx_word' id='word_1_216' title='bbox 318 3122 346 3174; x_wconf 89' lang='lat' dir='ltr'>et</span> <span class='ocrx_word' id='word_1_217' title='bbox 368 3113 547 3176; x_wconf 88' lang='lat' dir='ltr'>Haemonius</span> <span class='ocrx_word' id='word_1_218' title='bbox 569 3115 655 3176; x_wconf 92' lang='lat' dir='ltr'>nobis</span> <span class='ocrx_word' id='word_1_219' title='bbox 677 3116 815 3176; x_wconf 89' lang='lat' dir='ltr'>succedet</span> <span class='ocrx_word' id='word_1_220' title='bbox 836 3111 972 3176; x_wconf 84' lang='lat' dir='ltr'>adulter?</span> 
     </span>
     <span class='ocr_line' id='line_1_35' title="bbox 154 3197 966 3281; baseline 0.001 -22"><span class='ocrx_word' id='word_1_221' title='bbox 154 3217 210 3259; x_wconf 89' lang='lat' dir='ltr'>nec</span> <span class='ocrx_word' id='word_1_222' title='bbox 230 3197 303 3260; x_wconf 90' lang='lat' dir='ltr'>mibi</span> <span class='ocrx_word' id='word_1_223' title='bbox 324 3207 368 3259; x_wconf 89' lang='lat' dir='ltr'>tot</span> <span class='ocrx_word' id='word_1_224' title='bbox 388 3219 511 3280; x_wconf 82' lang='lat' dir='ltr'>magnos</span> <span class='ocrx_word' id='word_1_225' title='bbox 533 3201 612 3261; x_wconf 92' lang='lat' dir='ltr'>inter</span> <span class='ocrx_word' id='word_1_226' title='bbox 633 3219 777 3280; x_wconf 86' lang='lat' dir='ltr'>regesque</span> <span class='ocrx_word' id='word_1_227' title='bbox 800 3219 966 3281; x_wconf 91' lang='lat' dir='ltr'>procosque</span> 
     </span>
     <span class='ocr_line' id='line_1_36' title="bbox 153 3284 921 3366; baseline 0.004 -23"><span class='ocrx_word' id='word_1_228' title='bbox 153 3284 300 3364; x_wconf 90' lang='lat' dir='ltr'>profuerit</span> <span class='ocrx_word' id='word_1_229' title='bbox 319 3303 413 3363; x_wconf 87' lang='lat' dir='ltr'>praua</span> <span class='ocrx_word' id='word_1_230' title='bbox 435 3286 514 3346; x_wconf 92' lang='lat' dir='ltr'>haud</span> <span class='ocrx_word' id='word_1_231' title='bbox 536 3285 617 3347; x_wconf 93' lang='lat' dir='ltr'>dubii</span> <span class='ocrx_word' id='word_1_232' title='bbox 640 3287 784 3348; x_wconf 81' lang='lat' dir='ltr'>sententia</span> <span class='ocrx_word' id='word_1_233' title='bbox 807 3284 921 3366; x_wconf 80' lang='lat' dir='ltr'>patris?</span> 
     </span>
     <span class='ocr_line' id='line_1_37' title="bbox 152 3368 855 3449; baseline 0.001 -19"><span class='ocrx_word' id='word_1_234' title='bbox 152 3388 190 3430; x_wconf 89' lang='lat' dir='ltr'>an</span> <span class='ocrx_word' id='word_1_235' title='bbox 213 3368 305 3429; x_wconf 86' lang='lat' dir='ltr'>virtus</span> <span class='ocrx_word' id='word_1_236' title='bbox 327 3371 455 3449; x_wconf 90' lang='lat' dir='ltr'>praelata</span> <span class='ocrx_word' id='word_1_237' title='bbox 477 3371 531 3431; x_wconf 92' lang='lat' dir='ltr'>viri</span> <span class='ocrx_word' id='word_1_238' title='bbox 554 3379 599 3432; x_wconf 89' lang='lat' dir='ltr'>est</span> <span class='ocrx_word' id='word_1_239' title='bbox 621 3379 650 3431; x_wconf 91' lang='lat' dir='ltr'>et</span> <span class='ocrx_word' id='word_1_240' title='bbox 669 3371 776 3432; x_wconf 88' lang='lat' dir='ltr'>fortior</span> <span class='ocrx_word' id='word_1_241' title='bbox 797 3371 855 3442; x_wconf 86' lang='lat' dir='ltr'>ille,</span> 
     </span>
     <span class='ocr_line' id='line_1_38' title="bbox 153 3454 1095 3536; baseline 0.004 -22"><span class='ocrx_word' id='word_1_242' title='bbox 153 3473 242 3533; x_wconf 92' lang='lat' dir='ltr'>quem</span> <span class='ocrx_word' id='word_1_243' title='bbox 264 3454 419 3534; x_wconf 79' lang='lat' dir='ltr'>sequitur?</span> <span class='ocrx_word' id='word_1_244' title='bbox 442 3457 562 3536; x_wconf 84' lang='lat' dir='ltr'>iungam</span> <span class='ocrx_word' id='word_1_245' title='bbox 583 3457 726 3536; x_wconf 84' lang='lat' dir='ltr'>igniferos</span> <span class='ocrx_word' id='word_1_246' title='bbox 748 3456 812 3518; x_wconf 87' lang='lat' dir='ltr'>sine</span> <span class='ocrx_word' id='word_1_247' title='bbox 835 3457 964 3518; x_wconf 86' lang='lat' dir='ltr'>carmine</span> <span class='ocrx_word' id='word_1_248' title='bbox 987 3465 1095 3530; x_wconf 77' lang='lat' dir='ltr'>muros,</span> 
     </span>
     <span class='ocr_line' id='line_1_39' title="bbox 152 3540 933 3622; baseline 0.004 -22"><span class='ocrx_word' id='word_1_249' title='bbox 152 3557 295 3618; x_wconf 88' lang='lat' dir='ltr'>saevaque</span> <span class='ocrx_word' id='word_1_250' title='bbox 316 3540 453 3603; x_wconf 83' lang='lat' dir='ltr'>Echionii</span> <span class='ocrx_word' id='word_1_251' title='bbox 473 3542 553 3602; x_wconf 88' lang='lat' dir='ltr'>ferro</span> <span class='ocrx_word' id='word_1_252' title='bbox 576 3550 635 3603; x_wconf 89' lang='lat' dir='ltr'>sata</span> <span class='ocrx_word' id='word_1_253' title='bbox 657 3560 820 3622; x_wconf 86' lang='lat' dir='ltr'>persequar</span> <span class='ocrx_word' id='word_1_254' title='bbox 839 3543 933 3622; x_wconf 88' lang='lat' dir='ltr'>hydri.</span> 
     </span>
     <span class='ocr_line' id='line_1_40' title="bbox 152 3625 861 3707; baseline 0.003 -21"><span class='ocrx_word' id='word_1_255' title='bbox 152 3625 209 3686; x_wconf 92' lang='lat' dir='ltr'>hoc</span> <span class='ocrx_word' id='word_1_256' title='bbox 232 3625 304 3686; x_wconf 90' lang='lat' dir='ltr'>adeo</span> <span class='ocrx_word' id='word_1_257' title='bbox 326 3626 437 3688; x_wconf 88' lang='lat' dir='ltr'>interea</span> <span class='ocrx_word' id='word_1_258' title='bbox 459 3634 558 3706; x_wconf 87' lang='lat' dir='ltr'>specta</span> <span class='ocrx_word' id='word_1_259' title='bbox 581 3628 616 3688; x_wconf 93' lang='lat' dir='ltr'>de</span> <span class='ocrx_word' id='word_1_260' title='bbox 638 3628 724 3688; x_wconf 90' lang='lat' dir='ltr'>litore</span> <span class='ocrx_word' id='word_1_261' title='bbox 746 3646 861 3707; x_wconf 82' lang='lat' dir='ltr'>pugnas</span> 
     </span>
    </p>
   </div>
   <div class='ocr_carea' id='block_1_3' title="bbox 137 3827 1138 3963">
    <p class='ocr_par' dir='ltr' id='par_1_5' title="bbox 137 3827 1138 3963">
     <span class='ocr_line' id='line_1_41' title="bbox 137 3827 1138 3896; baseline 0.004 -18"><span class='ocrx_word' id='word_1_262' title='bbox 137 3827 196 3878; x_wconf 81' lang='lat'><strong>307.</strong></span> <span class='ocrx_word' id='word_1_263' title='bbox 215 3840 265 3877; x_wconf 90' lang='lat' dir='ltr'>una</span> <span class='ocrx_word' id='word_1_264' title='bbox 282 3842 310 3889; x_wconf 83' lang='lat' dir='ltr'>n,</span> <span class='ocrx_word' id='word_1_265' title='bbox 329 3841 393 3878; x_wconf 89' lang='lat' dir='ltr'>vana</span> <span class='ocrx_word' id='word_1_266' title='bbox 411 3827 459 3879; x_wconf 86' lang='lat' dir='ltr'>Ba.</span> <span class='ocrx_word' id='word_1_267' title='bbox 530 3831 589 3882; x_wconf 84' lang='grc'><strong>318.</strong></span> <span class='ocrx_word' id='word_1_268' title='bbox 607 3828 680 3880; x_wconf 89' lang='lat' dir='ltr'>Haud</span> <span class='ocrx_word' id='word_1_269' title='bbox 696 3830 731 3880; x_wconf 85' lang='lat' dir='ltr'>ita</span> <span class='ocrx_word' id='word_1_270' title='bbox 749 3829 855 3884; x_wconf 87' lang='lat' dir='ltr'>uecBa.</span> <span class='ocrx_word' id='word_1_271' title='bbox 907 3834 963 3884; x_wconf 79' lang='lat'>320.</span> <span class='ocrx_word' id='word_1_272' title='bbox 982 3829 1056 3896; x_wconf 87' lang='lat' dir='ltr'>aequi</span> <span class='ocrx_word' id='word_1_273' title='bbox 1073 3828 1138 3882; x_wconf 81' lang='lat' dir='ltr'>Bur.</span> 
     </span>
     <span class='ocr_line' id='line_1_42' title="bbox 138 3894 805 3963; baseline 0.003 -16"><span class='ocrx_word' id='word_1_274' title='bbox 138 3896 197 3947; x_wconf 79' lang='lat'><strong>329.</strong></span> <span class='ocrx_word' id='word_1_275' title='bbox 216 3894 293 3946; x_wconf 84' lang='lat' dir='ltr'>habet</span> <span class='ocrx_word' id='word_1_276' title='bbox 309 3911 338 3960; x_wconf 83' lang='lat' dir='ltr'>n,</span> <span class='ocrx_word' id='word_1_277' title='bbox 355 3896 408 3948; x_wconf 87' lang='lat' dir='ltr'>abit</span> <span class='ocrx_word' id='word_1_278' title='bbox 426 3895 455 3961; x_wconf 90' lang='lat' dir='ltr'>B,</span> <span class='ocrx_word' id='word_1_279' title='bbox 473 3897 527 3948; x_wconf 91' lang='lat' dir='ltr'>obit</span> <span class='ocrx_word' id='word_1_280' title='bbox 544 3896 606 3953; x_wconf 80' lang='lat' dir='ltr'>Sol.</span> <span class='ocrx_word' id='word_1_281' title='bbox 624 3897 685 3963; x_wconf 76' lang='lat' dir='ltr'>(cfr.</span> <span class='ocrx_word' id='word_1_282' title='bbox 703 3898 721 3963; x_wconf 96' lang='lat' dir='ltr'>l,</span> <span class='ocrx_word' id='word_1_283' title='bbox 739 3901 805 3963; x_wconf 67' lang='lat'>100).</span> 
     </span>
    </p>
   </div>
   <div class='ocr_carea' id='block_1_4' title="bbox 0 0 1395 4350">
    <p class='ocr_par' dir='ltr' id='par_1_6' title="bbox 0 0 1395 4350">
     <span class='ocr_line' id='line_1_43' title="bbox 0 0 1395 4350; baseline 0 0"><span class='ocrx_word' id='word_1_284' title='bbox 0 0 1395 4350; x_wconf 95' lang='lat' dir='ltr'> </span> 
     </span>
    </p>
   </div>
  </div>
 </body>
</html>
