2764 4340
570 212 597 265 5.
615 211 861 264 5515551555
976 277 980 288 .

260 386 315 447 fixa
337 392 473 460 manent;
497 403 595 463 neque
618 383 697 445 enim
717 383 805 444 terris
826 392 890 445 tum
912 382 1032 462 sanguis
1055 384 1085 444 in
1108 383 1175 444 ullis

259 477 361 531 noster
384 477 455 545 erat,
478 469 755 542 55511515555515,
778 468 1056 547 iustiquelaoultas·

259 553 433 628 1555511111,
456 553 625 615 5115555155
648 561 792 614 struerem
814 572 870 632 555
890 553 1006 614 5555515
1027 554 1117 632 leges.
1246 561 1292 614 535

262 639 356 718 adque
379 657 434 717 ego
457 657 596 700 curarum
619 643 750 717 repetam
772 639 888 700 decreta
909 657 1051 698 mearum.

263 724 320 785 iam
343 723 459 804 pridem
479 724 572 802 regiq,
595 741 671 801 quae
692 723 815 800 virginis
837 741 949 801 aequor
971 723 1007 783 ad
1028 722 1126 786 Helles

260 816 290 870 et
310 808 423 870 Tanain
445 816 534 869 15555
556 809 691 869 inmenso
713 808 865 869 deseendit
887 807 922 868 ab
944 807 1035 882 Euro,

260 893 352 957 undat
375 893 460 972 equis
481 895 626 972 floretque
647 892 726 967 viris,
749 893 930 954 5551511555
952 900 1054 954 555155

260 978 320 1039 5115
342 997 428 1058 55555
449 979 564 1040 5515155
585 996 754 1055 nomenque
777 996 930 1057 capessere
953 977 1037 1038 bellis
1191 1013 1196 1022 ι
1249 991 1296 1040 540

259 1082 329 1124 ausa
350 1081 472 1138 manus;
495 1064 626 1137 eiulatu,
649 1063 730 1124 locos
752 1062 794 1123 sio
816 1062 1044 1142 ipsevlovebam.

261 1147 406 1209 adeelerat
428 1149 479 1210 sed
502 1167 615 1209 summa
638 1147 700 1208 dies
723 1147 880 1226 Asiamque
902 1147 1050 1209 labantem

260 1232 424 1311 linquimus
446 1241 476 1294 51
497 1241 627 1313 5555551
647 1234 705 1294 1551
726 1251 774 1293 me
795 1252 849 1294 sua
870 1240 1004 1311 tempora
1027 1231 1105 1293 Grai.

260 1317 329 1378 inde
350 1335 434 1379 meae
455 1337 584 1396 quereus
606 1317 798 1396 tripodesque
819 1317 993 1396 animaeque
1014 1323 1171 1396 parentum

258 1402 336 1463 hano
357 1401 462 1482 pelago
484 1403 591 1463 misere
612 1421 742 1463 11155155.
787 1402 832 1462 515
853 1403 928 1462 15515
950 1421 1004 1481 555
1025 1403 1120 1464 undas
1252 1409 1297 1460 545

260 1505 373 1565 perque
386 1487 515 1562 hiemes,
538 1487 669 1561 Bellona,
692 1486 753 1546 tibi.
799 1505 854 1548 555
876 1487 982 1548 vellera
1004 1495 1118 1548 tantum

261 1571 440 1650 indignanda
467 1565 589 1633 51555111
610 1571 793 1651 propiorque
815 1591 850 1632 55
872 1571 985 1650 virgine
1007 1580 1090 1651 rapta

262 1655 310 1716 ille
333 1656 418 1716 dolor
439 1677 495 1716 ·--:
519 1657 572 1718 sed
593 1657 674 1717 nulla
696 1656 789 1735 magis
811 1657 957 1717 sententia
978 1656 1070 1718 menti

261 1741 317 1801 1155
338 1759 429 1802 meae.
473 1741 570 1803 555151
592 1740 717 1820 Phrygia
740 1760 807 1802 5515
829 1749 931 1820 555155
952 1741 988 1801 ab
1010 1741 1068 1814 lde,

261 1826 313 1904 qui
335 1827 461 1904 genitas
482 1827 600 1905 irasque
622 1845 708 1906 pares
730 1835 759 1887 et
780 1830 882 1886 mutua
905 1825 989 1886 Grais
1255 1836 1299 1886 555

262 1911 339 1971 11555
359 1911 443 1972 serat.
488 1930 547 1990 qua
569 1911 662 1972 515555
686 1911 792 1972 dehine
812 1911 906 1972 effusa
928 1928 1089 1990 procorum

262 1993 352 2054 bellat
376 2002 449 2073 quot
471 1997 507 2055 ad
528 1995 647 2056 Troiam
669 1996 773 2056 llentes
795 1994 920 2056 hiberna
942 1995 1094 2073 Mycenasl
1192 2062 1193 2065 Ἴ

263 2086 336 2157 quot
357 2097 498 2157 proceres
518 2087 662 2157 natosque
684 2079 781 2153 deum,
805 2098 880 2158 qnae
902 2080 1008 2141 robora
1031 2097 1135 2141 555555

263 2169 404 2241 55551555
427 2171 456 2224 51
476 2163 591 2242 magnis
615 2165 712 2226 Asiam
734 2165 896 2225 oonoedere
917 2164 1000 2225 latisl

262 2248 332 2308 hinc
354 2249 487 2310 Danaum
510 2250 545 2310 de
567 2250 626 2310 line
647 2249 729 2310 sedet
751 2258 915 2328 gentesque
936 2248 1040 2310 fovebo
1257 2253 1300 2304 555

261 2351 329 2393 1555
351 2333 432 2396 51155.
476 2342 595 2413 5515551
614 2341 733 2398 montes
755 2334 903 2412 silvaeque
925 2334 1066 2411 lacusque

262 2425 428 2497 cunctaque
451 2419 579 2482 51555155
599 2419 705 2493 515515;
728 2438 797 2500 spes
820 2427 851 2480 et
871 2426 969 2480 metus
990 2417 1129 2478 omnibus
1152 2423 1216 2478 5515

262 2501 378 2563 arbiter.
423 2504 487 2582 1555
509 2504 591 2564 15555
613 2512 790 2582 terrenaque
813 2522 927 2564 summa
948 2502 1093 2564 movendo

263 2587 405 2665 experiar,
429 2605 574 2666 quaenam
596 2588 715 2667 5555115
737 2587 909 2667 longissima
931 2588 1047 2650 5555115

262 2689 354 2750 regna
376 2672 463 2732 velim
485 2672 678 2751 linquamque
699 2674 779 2734 datas
801 2673 852 2733 ubi
875 2681 973 2734 certus
995 2671 1142 2733 1151155553

262 2764 335 2816 1555
357 2757 460 2820 oeulos
483 2758 707 2836 Aegaearelert
729 2758 765 2818 ad
787 2758 903 2820 5555515
923 2758 1017 2819 robur

206 2861 209 2868 ’
263 2840 443 2904 Herculeum
465 2843 621 2922 Ledaeque
643 2852 730 2904 tuens
755 2861 849 2921 genus
872 2845 968 2921 adque
990 2842 1029 2902 ita
1050 2842 1143 2902 latur:

261 2918 384 2987 ‘tendite
406 2928 437 2988 in
460 2935 546 3002 astra,
570 2928 638 2990 viri:
661 2946 709 2988 me
731 2927 859 3006 primum
881 2928 962 3006 regia
983 2926 1095 2988 mundo

262 3010 353 3089 155511
375 3019 444 3089 5551
465 3012 541 3075 bella
564 3011 655 3072 truois
676 3012 879 3091 Phlegraeque
901 3012 1016 3073 labores

262 3094 410 3173 inposuit:
434 3097 542 3159 durum
563 3095 645 3156 vobis
667 3096 723 3158 iter
743 3105 774 3158 51
795 3115 882 3175 grane
902 3096 974 3157 eaeli

265 3179 389 3240 institui.
417 3181 476 3244 1515
498 3199 567 3245 5555
589 3199 687 3260 15555ι
705 3181 748 3242 515
771 3182 842 3243 55115
864 3189 982 3260 peraeto

166 3286 169 3297 =
263 3262 354 3324 Liber
376 3273 404 3325 51
426 3274 565 3345 55555155
587 3275 680 3328 terras
701 3267 840 3328 remeavit
863 3265 1011 3345 Α55115.’Δ

263 3347 335 3411 (linit
357 3358 391 3410 et·
408 3349 521 3429 ingenti
544 3351 740 3414 flammantem
763 3350 864 3412 nubila
886 3350 969 3412 55155

267 3432 372 3493 direxit
387 3453 441 3514 555
462 3436 550 3498 15555
572 3438 675 3512 155551,
699 3455 774 3515 quae
796 3455 897 3516 puppe
919 3434 1089 3516 propinqua

181 3579 479 3597 -ξῂ-

247 3681 412 3750 53511155,
435 3685 567 3739 1115535.
633 3687 767 3738 555155..
787 3701 838 3737 .re
858 3685 1057 3750 5555551551
1079 3719 1085 3733 .
1108 3679 1260 3752 ,1555581

179 3752 259 3815 (uo).
329 3754 379 3806 536
398 3755 536 3822 55555155.
601 3757 658 3807 519.
676 3755 726 3805 iam
752 3701 1082 3816 A;dolur‚sed(nnlla.
1102 3791 1108 3804 .
1129 3789 1134 3802 .
1154 3757 1261 3816 ,515551

179 3834 204 3870 v.
221 3819 250 3870 l'.
268 3819 337 3870 15511
414 3825 462 3875 551
483 3822 624 3889 (1551555.
700 3835 764 3888 qnae
782 3819 809 3872 J.
870 3825 928 3874 553.
947 3821 1057 3887 quosP.
1128 3822 1261 3873 5651555

179 3885 233 3938 llB.
260 3886 450 3950 15555555
470 3891 641 3956 temptabam:
665 3904 721 3941 mea
750 3889 851 3940 demum
868 3890 936 3956 regia
956 3927 962 3941 .
981 3925 986 3938 .
1006 3925 1012 3938 .
1031 3887 1143 3955 inposita
1161 3893 1207 3938 551.
