2780 4350
419 244 673 298 ARGONAVTIGON
691 245 783 298 LIBER
801 246 863 299 Vlll.
1137 241 1196 304 153

158 399 281 462 suscitat
302 400 424 463 adfixam
445 401 564 464 maestis
586 405 636 483 qai
657 402 774 464 Aeetida
797 402 892 478 curis;

157 487 221 566 ipsa
243 505 311 548 suas
334 485 376 547 illi
399 503 504 548 croceo
527 487 712 568 subtegmine
734 496 829 549 vestes

157 571 263 646 induit,
286 573 350 652 ipsa
372 591 455 634 suam
477 573 625 654 duplicem
648 573 788 652 Cytherea
810 592 949 636 eoronam
1152 586 1199 636 235

157 658 248 719 donat
269 666 299 719 et
320 676 437 720 arsuras
459 659 514 720 alia
536 677 605 720 cum
626 659 739 738 virgine
762 677 899 739 gemmae.

157 751 221 804 tum
243 761 338 804 novus
360 744 491 824 implevit
511 744 609 804 vultus
631 745 737 819 honor,
760 764 793 807 ac
815 765 868 807 sua
889 746 969 807 flavis

157 827 269 890 reddita
292 847 362 890 cura
384 829 485 908 comis,
509 829 699 909 graditurque
721 831 811 892 oblita
832 831 988 893 malorum.

158 914 201 976 sic
223 914 274 975 ubi
295 915 470 994 Mygdonios
491 915 627 994 plauctus
650 934 733 976 sacer
753 916 846 977 abluit
868 917 961 992 hhuo,

157 1000 291 1078 laetaque
312 999 369 1061 iarn
392 1000 497 1080 Cybele
519 1001 668 1079 festaeque
689 1019 744 1080 per
765 1002 874 1082 oppida
895 1003 1004 1076 taedae,

161 1085 229 1165 quis
251 1085 338 1146 mo'do
361 1085 418 1148 iam
441 1103 541 1148 saevos
564 1085 656 1166 adytis
679 1087 798 1149 duxisse
820 1105 942 1148 cruores

159 1167 292 1249 cogitet?
314 1178 365 1231 aut
387 1170 444 1250 ipsi
467 1171 518 1250 qui
542 1171 599 1232 iarn
620 1169 955 1234 meminere-ministri?

158 1256 237 1330 inde,
261 1254 312 1317 ubi
334 1256 479 1318 sacrificas
510 1275 577 1317 cum
599 1257 726 1336 coniuge
747 1257 828 1319 venit
848 1258 883 1318 ad
906 1276 970 1318 aras
1045 1319 1048 1323 .

159 1341 330 1416 Aesonides
353 1360 471 1421 unaque
484 1342 602 1409 ¹adeunt
622 1343 792 1422 pariterque
813 1343 928 1422 precari

159 1426 315 1507 incipiunt,
338 1427 437 1506 ignem
459 1427 564 1489 Pollux
586 1428 753 1508 undamque
775 1428 902 1507 iugalem

158 1511 307 1592 praetulit,
331 1521 359 1574 et
378 1514 512 1574 dextrum
533 1513 643 1592 pariter
663 1522 819 1576 vertuntur
840 1514 871 1574 in
893 1514 1004 1575 orbem.

160 1599 211 1659 sed
240 1617 337 1676 neque
359 1618 390 1659 se
412 1599 539 1678 pingues
560 1607 623 1660 tum
646 1600 768 1660 candida
789 1600 905 1660 llamma
926 1617 981 1680 per
1001 1615 1088 1658 auras

160 1683 309 1762 explicuit,
333 1703 388 1744 nec
409 1691 475 1745 tura
496 1683 573 1746 videt
595 1685 751 1746 concordia
773 1685 904 1764 Mopsus,

159 1769 336 1848 promissam
358 1787 414 1830 neo
435 1776 512 1830 stare
533 1770 630 1843 fidem,
652 1769 740 1831 breve
761 1777 879 1848 tempus
905 1787 1048 1840 amorum.

161 1855 223 1916 odit
246 1862 405 1934 utrumque
427 1854 524 1930 simul,
547 1854 636 1915 simul
658 1863 687 1916 et
707 1855 865 1916 miseratur
887 1861 1055 1932 utrumque,

161 1947 190 2000 et
211 1939 264 2001 tibi
288 1939 343 2000 iarn
364 1940 462 2000 nullos
484 1939 602 2020 optavit,
625 1940 757 2015 barbara,
781 1947 875 2000 natos.

160 2044 229 2086 mox
251 2025 352 2104 epulas
375 2032 404 2086 et
424 2043 507 2086 sacra
528 2032 651 2104 parant3
674 2025 817 2086 silvestria
838 2024 921 2087 laetis

161 2110 291 2190 praemia
312 2118 417 2171 venatu
438 2110 517 2172 facili
539 2110 669 2190 quaesita
691 2119 869 2191 supersunt3

161 2215 230 2276 pars
251 2194 379 2270 veribus,
402 2214 470 2276 pars
491 2196 615 2257 undanti
637 2196 790 2276 despumat
811 2215 895 2257 aeno.

162 2280 321 2362 gramineis
344 2288 391 2342 ast
412 2281 480 2342 inde
502 2280 575 2342 toris
598 2281 801 2355 discumbitur,
825 2281 894 2342 olim

161 2367 262 2428 Hister
283 2366 468 2428 anhelantem
490 2366 608 2427 Peucen
630 2385 690 2446 quo
712 2374 861 2446 presserat
881 2374 975 2427 antro.

163 2452 219 2533 ipsi
241 2452 320 2513 inter
340 2451 453 2513 medios
475 2469 560 2513 rosea
582 2452 713 2514 radiante
728 2452 846 2514 iuventa

162 2537 250 2599 altius
272 2537 363 2616 inque
385 2537 431 2598 sui
453 2544 629 2598 sternuntur
649 2537 765 2600 velleris
786 2555 868 2599 auro.

206 2623 279 2695 Quis
302 2642 395 2684 novus
417 2624 552 2704 inceptos
574 2623 663 2685 timor
684 2623 809 2704 inpediit
830 2624 1007 2704 hymenaeos

162 2708 347 2788 turbavitque
368 2716 450 2770 toros
473 2716 501 2770 et
522 2728 604 2770 sacra
627 2709 750 2770 calentia
772 2707 874 2788 rupit‘l

164 2794 307 2874 Absyrtus
329 2793 425 2855 subita
448 2812 590 2873 praeceps
613 2812 680 2854 cum
703 2793 795 2854 classe
817 2791 948 2872 parentis

164 2879 315 2942 advehitur
337 2879 471 2958 profugis
493 2878 629 2940 infestam
651 2879 783 2957 lampada
805 2877 889 2938 Grais
924 2915 929 2924 ι

164 2965 338 3027 concutiens
360 2964 511 3043 diramque
532 2982 671 3044 premens
693 2965 820 3024 clamore
842 2979 984 3034 sororem,

164 3051 259 3130 adque
276 3045 375 3124 ‘hanc,
398 3069 416 3110 o
438 3047 531 3130 siquis
553 3049 635 3110 vobis
656 3049 741 3110 dolor
762 3050 873 3128 iraque,
897 3045 1007 3119 colchi,

165 3134 326 3197 adcelerate
346 3136 438 3210 viam;
461 3153 558 3214 neque
581 3135 659 3195 enim
680 3135 757 3214 sugit
777 3134 895 3196 aethere
916 3138 1018 3210 raptor

166 3221 301 3301 luppiter
322 3229 373 3281 aut
393 3220 459 3280 falsi
481 3220 634 3300 sequimur
655 3219 774 3299 vestigia
796 3220 882 3280 tauri.

164 3324 266 3387 puppe
288 3307 394 3382 (netas)
416 3325 475 3366 una
496 3306 605 3386 praedo
627 3306 751 3367 Phrixea
772 3310 904 3384 reportat

165 3392 288 3467 vellera3
312 3411 370 3471 qua
391 3390 477 3452 libuit
498 3399 608 3452 remeat
629 3411 697 3452 cum
719 3390 849 3470 virgine3
873 3387 959 3450 nobis

82 3513 149 3522 ιι...-

148 3579 207 3629 233.
227 3576 270 3644 qui
289 3576 360 3640 Sole,
378 3591 428 3627 om.
448 3592 476 3626 π.
546 3578 604 3628 241.
623 3578 674 3627 lam
692 3573 735 3628 Pi.
806 3576 864 3627 2511.
881 3580 944 3641 post
959 3571 1062 3624 veribus
1081 3570 1152 3621 locet·

79 3661 143 3698 uam
172 3647 268 3698 statuit
284 3645 329 3694 Pb.
355 3641 397 3696 W.
416 3645 486 3708 (388)
513 3646 568 3705 ita,
595 3649 626 3694 ut
652 3643 819 3694 intercidisse
846 3645 982 3694 eaisdmet
1008 3645 1035 3690 et
1052 3643 1152 3690 eeteros

81 3716 161 3764 tuine
179 3727 271 3763 verm
287 3712 366 3778 pedes
385 3717 410 3762 et
426 3715 544 3777 primum
561 3715 730 3777 insequentia.
756 3713 891 3778 suppleuit
913 3715 1001 3761 autem
1027 3708 1153 3758 Moenum

81 3801 115 3833 ea
135 3781 216 3846 Verg.
235 3780 300 3831 Aen.
321 3780 339 3846 l,
358 3783 416 3846 212,
436 3779 531 3844 deorg.
548 3781 572 3844 l,
591 3782 641 3834 296
659 3783 713 3832 ito:
731 3795 791 3847 pars
809 3779 910 3833 veribus
927 3776 983 3845 figit
1001 3774 1151 3842 trepidantia

81 3852 178 3903 viscera
203 3849 308 3914 acernis,
324 3847 328 3917 Ι
344 3863 401 3916 pars
425 3848 491 3900 soliis
516 3847 607 3899 undam
625 3848 722 3916 ingenti
739 3848 873 3917 despumat
891 3861 955 3898 aeno
973 3843 1076 3910 (malim
1094 3857 1152 3910 pars

80 3919 148 3972 loliis
165 3917 296 3986 lympham
316 3916 422 3970 undanti
440 3917 573 3983 despumat
588 3920 670 3983 aeno).
724 3920 781 3973 265.
800 3931 910 3986 aequore
925 3931 954 3981 n,
971 3912 1073 3966 aethere
1090 3912 1151 3964 Scit.
