2764 4340
165 184 184 246 6
545 177 572 230 c.
590 174 708 228 vntum
725 174 837 226 nuncu

245 350 350 412 ductor
371 347 425 408 ait:
450 350 521 407 ‘non
544 347 715 426 degeneres,
738 355 772 407 ut
792 345 876 417 reris,
900 346 1012 418 Aceste,

242 435 377 497 venimus
398 431 435 493 ad
456 439 594 510 questus:
619 432 732 493 socium
753 441 782 491 te
804 432 927 509 iungere
950 428 1062 509 coeptis
1234 441 1278 491 165

243 511 289 580 est
309 518 440 591 animus;
464 536 561 597 neque
583 517 663 578 enim
685 517 824 578 Telamon
847 523 897 576 aut
920 515 1050 576 Canthus
1072 519 1101 574 et
1114 511 1180 572 Idas

178 653 181 664 ,
242 605 473 684 Tyndareusque
496 621 571 682 puer
592 601 665 662 mihi
687 602 793 662 vellere
815 601 932 679 dignior
954 599 1062 660 llelles.
1160 655 1162 659 .

132 733 134 738 ι
243 708 260 750 0
283 695 427 768 quantum
447 694 552 761 terrae,
576 694 719 767 quantum
742 704 921 765 cognoscere
943 685 1016 746 caeli

243 773 422 854 permissum
443 773 502 832 estl
525 772 648 851 pelagus
669 779 795 851 quantos
817 771 965 850 aperimus
988 769 1019 830 in
1042 766 1129 829 ususl

243 877 325 920 nunc
346 858 446 918 forsan
470 875 555 935 grave
578 857 651 918 reris
673 875 764 936 opus;
788 857 840 916 sed
860 857 935 916 laeta
956 861 1090 915 recurret
1235 867 1282 917 tto

244 962 312 1004 cum
333 943 404 1004 ratis
426 950 456 1002 et
478 961 575 1004 caram
596 961 664 1003 oum
687 942 744 1002 iam
765 941 838 1002 mihi
859 941 961 1001 reddet
981 939 1093 1011 Iolcon,

244 1029 311 1108 quis
333 1028 430 1107 pudor
451 1028 511 1088 heu
534 1035 652 1088 nostros
674 1027 727 1088 tihi
749 1035 821 1088 tunc
842 1025 943 1087 audire
965 1023 1097 1084 lahoresl

243 1131 331 1193 quam
353 1112 478 1172 referam
500 1111 576 1176 uisas
599 1120 648 1174 tua
670 1131 724 1192 per
746 1111 873 1192 suspiria
895 1118 998 1189 gentes
1006 1109 1022 1168 l’

327 1197 388 1257 Nec
410 1215 515 1276 passus
537 1215 588 1259 rex
610 1199 696 1276 plura
718 1197 823 1258 virum.
868 1201 923 1256 ‘sat
944 1193 1036 1255 multa
1057 1196 1158 1271 parato

243 1283 274 1343 in
297 1300 501 1360 quaecumque
523 1301 624 1356 vocas;
647 1301 703 1344 nec
724 1283 787 1342 nos’
811 1281 859 1356 ait,
883 1285 1024 1360 ‘optume
1047 1293 1154 1356 segnes

245 1366 405 1427 credideris
427 1365 563 1446 patriisve
586 1367 679 1445 magis
701 1367 848 1426 confidere
870 1365 970 1443 regnis

180 1495 183 1504 .
244 1470 333 1531 quam
355 1450 417 1525 tihi,
441 1451 466 1510 si
488 1451 601 1530 primos
624 1453 698 1512 duce
720 1459 749 1511 te
770 1451 885 1511 virtutis
907 1451 1037 1510 honores
1086 1445 1092 1457 “

244 1553 375 1616 carpere,
398 1536 544 1596 fraternae
566 1537 591 1596 si
613 1536 664 1597 des
686 1536 858 1598 adcrescere
879 1536 981 1597 lunae

244 1621 318 1701 quin
341 1639 405 1699 ego,
429 1639 527 1699 nequa
548 1629 628 1682 metu
652 1621 743 1688 nimio
765 1639 812 1682 me
835 1639 906 1681 cura
929 1621 1062 1700 parentis

243 1705 383 1786 inpediat,
405 1704 503 1768 fallam
525 1705 661 1784 ignarum
683 1706 857 1786 subitusque
879 1705 988 1784 paratis

243 1799 317 1852 tunc
338 1791 426 1852 adero
448 1791 557 1869 primas
579 1792 694 1870 linquet
716 1811 784 1852 cum
806 1791 916 1870 puppis
938 1791 1082 1852 harenas!

246 1876 365 1938 dixerat.
410 1875 460 1936 ille
481 1876 596 1938 animos
616 1878 820 1956 promissaque
842 1875 910 1936 talia
932 1876 1025 1936 laetus
1063 1923 1068 1932 ,

246 1960 353 2040 accipit
375 1967 404 2019 et
426 1978 545 2036 gressus
567 1961 665 2022 avidos
688 1962 724 2021 ad
745 1961 831 2021 litora
852 1959 946 2022 vertit.

331 2045 368 2104 ht
389 2042 473 2104 ducis
494 2044 626 2122 imperiis
647 2045 761 2124 Minyae
781 2044 956 2122 monituque
976 2046 1147 2124 frequentes

245 2146 376 2209 puppem
399 2127 509 2191 umeris
530 2129 669 2204 subeunt,
692 2137 720 2190 et
742 2139 823 2190 tento
846 2129 957 2209 poplite
979 2130 1067 2209 proni
1239 2141 1282 2192 185
1381 2202 1382 2219 χ

246 2215 409 2275 decurrunt
431 2213 601 2292 intrantque
622 2215 740 2275 fretum.
786 2234 846 2276 non
871 2215 981 2276 clamor
1003 2215 1116 2277 anhelis

245 2299 382 2359 nauticus
404 2305 454 2359 aut
474 2297 600 2362 blandus
622 2300 770 2362 testudine
792 2299 884 2360 defuit
907 2300 1053 2379 Orpheus

245 2392 308 2444 tum
331 2382 398 2443 laeti
419 2390 554 2444 statuunt
575 2403 649 2446 aras
694 2384 756 2460 tibi,
780 2392 878 2446 rector
899 2401 1052 2462 aquarum,

248 2485 381 2528 summus
403 2468 509 2543 honor,
532 2468 585 2528 tibi
608 2468 750 2532 caeruleis
772 2469 803 2528 in
826 2468 911 2528 litore
933 2468 1011 2529 vittis

247 2559 275 2612 et
297 2551 438 2630 Zephyris
461 2552 631 2630 Glaucoque
653 2554 756 2614 bovem
779 2552 954 2630 Thetidique
976 2555 1132 2616 iuvencam¹

247 2635 335 2697 deicit
356 2637 501 2697 Ancaeus.
545 2656 606 2698 nou
628 2637 678 2697 illo
702 2637 809 2698 certior
830 2638 904 2698 alter

248 2719 370 2801 pinguia
393 2720 504 2781 letifera
526 2722 711 2801 perfringere
734 2722 808 2784 colla
830 2723 962 2802 bipenni.

247 2807 312 2885 ipse
333 2813 378 2866 ter
401 2824 548 2884 aequoreo
571 2806 666 2870 libans
689 2807 837 2869 carchesia
859 2808 935 2887 patri

247 2891 290 2952 sic
312 2891 351 2951 ait
373 2892 550 2955 Aesonides:
575 2898 602 2952 ‘o
625 2893 676 2972 qui
699 2892 865 2972 spumantia
888 2902 963 2953 nutu

247 2993 338 3055 regna
360 2976 457 3053 quatis
479 2983 631 3056 terrasque
653 2978 714 3038 salo
737 2978 1067 3057 conplectcris·ornues,
1238 2998 1282 3048 195

248 3061 283 3121 da
305 3060 428 3121 veniam.
473 3060 534 3120 scio
556 3081 604 3122 me
626 3062 741 3122 cunctis
763 3082 779 3123 e
802 3061 939 3141 gentibus
961 3081 1055 3122 unum

248 3144 375 3204 inlicitas
397 3151 540 3223 temptare
562 3147 622 3207 vias
644 3146 830 3224 hiememque
852 3147 974 3208 mereri:

248 3229 300 3290 sed
323 3246 383 3288 non
406 3239 511 3308 sponte
533 3231 622 3306 feror,
646 3250 701 3292 nec
723 3251 804 3292 nunc
826 3232 898 3292 mihi
921 3232 1044 3311 iungere
1066 3239 1182 3292 montes

248 3332 333 3376 mens
355 3321 452 3374 tamen
475 3323 525 3374 aut
548 3335 662 3378 summo
686 3317 845 3395 deposcere
866 3316 980 3378 fulmen
1004 3317 1138 3397 Olympo.

249 3417 287 3458 ne
309 3397 406 3458 Peliae
428 3405 456 3458 te
478 3408 542 3461 rota
564 3403 694 3463 trahant:
718 3401 766 3462 ille
788 3419 891 3481 aspera
912 3401 991 3462 iussa
1238 3417 1285 3470 200

248 3483 381 3563 repperit
404 3492 432 3544 et
455 3483 579 3552 Colchos
602 3486 633 3547 in
655 3505 702 3547 me
724 3485 895 3564 luctumque
917 3505 1061 3550 meorum.

236 3785 293 3834 118.
317 3784 496 3838 0100101170
516 3787 553 3848 tin
572 3790 644 3850 raa),
662 3785 708 3837 sed
731 3792 756 3837 et
774 3786 810 3849 M,
827 3786 932 3850 sedeP,
958 3785 1043 3838 sides
1069 3788 1112 3838 Ca.
1185 3791 1241 3840 1110.

165 3849 299 3904 iuvencum
324 3867 353 3917 n,
377 3852 509 3904 iuvencam
535 3851 586 3904 CA.
657 3857 713 3907 199.
732 3857 813 3904 tumet
831 3854 868 3904 rt
887 3861 964 3906 -et
982 3855 1018 3906 Sl.
1038 3857 1116 3919 1168).
