2792 4340
554 149 581 199 C.
601 147 717 198 VALERl
735 147 846 198 n'nacnl

223 323 317 402 prima
339 322 448 400 pedum
472 320 650 398 glaucaeque
671 319 763 379 comis
785 326 956 397 praetexere
976 317 1097 379 frondes

224 408 363 486 imperat,
386 405 457 465 binc
479 405 535 465 alte
557 403 668 464 Phoebi
690 403 839 481 surgentis
861 403 897 463 ad
918 402 1020 463 orbem

223 493 301 553 ferre
323 509 429 550 manus
452 496 589 568 totosque
612 488 700 548 simul
722 488 917 566 procumbere
939 487 1060 566 campis.

224 585 296 638 tunc
318 575 419 654 piceae
441 581 606 635 mactantur
628 592 705 647 oves,
728 581 923 652 prosectaque
945 573 1051 651 partim

223 663 343 735 viscera,
367 678 421 738 per
441 659 554 720 medios
576 657 683 738 partim
705 658 780 736 gerit
801 658 904 718 obvius
925 657 1038 720 Idmon.

226 754 269 806 ter
290 745 394 806 tacitos
416 762 502 823 egere
525 745 642 822 gradus,
665 751 710 804 ter
731 742 824 804 tristia
845 751 970 820 tangens

225 849 304 892 arma
326 829 414 890 simul
435 837 589 906 vestesque
611 827 706 887 virum
728 827 899 888 lustramina
921 834 1012 906 ponto
1117 846 1126 864 ·

225 935 304 995 pone
325 914 409 987 iacit;
432 913 542 992 rapidis
559 913 718 973 ‘adolentur
740 920 836 973 cetera
857 911 990 974 dammis

225 1001 298 1078 quin
321 999 407 1060 etiam
430 1009 550 1058 truncas
572 1016 727 1058 nemorum
750 997 921 1076 effigiesque
942 996 1072 1056 virorum

225 1085 280 1147 rite
303 1085 380 1145 locat
402 1102 529 1162 quercus
552 1082 745 1160 simulataque
766 1082 892 1161 subligat
913 1100 1001 1142 arma.
1128 1097 1129 1100 ’

225 1171 285 1231 huc
307 1168 421 1248 Stygias
445 1167 570 1229 transire
591 1168 686 1228 minas
709 1167 842 1246 iramque
865 1167 976 1242 severi¹

227 1254 389 1334 sanguinis
412 1253 458 1314 his
481 1262 544 1314 orat
565 1252 667 1331 vigiles
689 1251 860 1313 incumbere
882 1269 978 1325 curae,

227 1341 322 1418 adque
344 1340 383 1398 ita
405 1338 548 1398 lustrifico
571 1344 660 1397 cantu
682 1344 779 1397 vocat:
800 1330 854 1398 ‘ite
870 1335 1022 1415 perempti

227 1442 260 1485 ac
283 1440 429 1484 memores
451 1421 564 1482 abolete
588 1421 715 1494 animas;
739 1421 799 1481 sint
820 1421 878 1481 otia
900 1420 992 1494 vobiS,

228 1508 266 1570 sit
287 1507 404 1586 Stygiae
426 1507 483 1566 iam
505 1505 582 1566 sedis
605 1523 702 1578 amor;
726 1506 830 1584 procul
852 1505 969 1584 agmine
992 1511 1093 1566 nostro

228 1601 257 1654 et
277 1592 383 1673 procul
405 1599 466 1652 este
487 1590 561 1650 mari
584 1590 758 1668 cunctisque
780 1590 910 1651 absistite
931 1589 1025 1651 bellis.

228 1696 279 1738 vos
303 1695 356 1756 ego
380 1695 435 1737 nec
458 1675 559 1736 Graias
583 1694 721 1754 umquam
744 1675 923 1737 contendere
945 1677 981 1736 ad
1002 1674 1091 1735 urbes

228 1781 284 1824 nec
306 1761 399 1822 triviis
422 1761 535 1821 ululare
557 1761 660 1834 velim,
683 1760 844 1840 pecorique
866 1759 995 1839 satisque
1123 1756 1126 1762 “

229 1847 327 1908 nullae
341 1847 415 1908 ‘ideo
437 1854 535 1925 pestes
559 1864 615 1906 nec
638 1845 755 1906 luctifer
777 1846 896 1924 ingruat
916 1863 1022 1918 annm,

228 1951 285 1993 nec
306 1931 409 2010 populi
433 1931 561 1990 nostrive
583 1930 666 1991 luant
688 1948 722 1990 ea
743 1931 818 1991 facta
840 1923 989 1990 minores³

229 2018 355 2089 dixerat,
379 2023 407 2074 et
429 2033 558 2075 summas
579 2014 786 2075 frondentibus
809 2014 909 2075 intulit
930 2014 988 2075 aris

229 2100 387 2177 libavitque
409 2099 515 2177 dapes,
538 2097 645 2177 placidi
668 2116 740 2176 quas
763 2099 899 2178 protinus
923 2117 1044 2177 angues,

229 2183 401 2245 umbrarum
423 2183 533 2257 famuli,
556 2182 666 2261 linguis
688 2201 814 2262 rapuere
837 2184 978 2246 coruscis,

273 2268 419 2330 Continuo
442 2287 573 2348 puppem
595 2275 696 2347 petere
719 2276 747 2330 et
769 2269 923 2332 considere
945 2268 1081 2330 transtris

229 2354 353 2433 imperat
375 2353 549 2433 Ampycides
572 2372 628 2414 nec
649 2354 744 2414 visum
765 2363 877 2416 vertere
899 2362 1011 2415 terrae:

229 2438 390 2499 exciderint
412 2457 487 2515 quac
509 2445 589 2516 gesta
612 2456 716 2514 manu,
740 2458 815 2516 qnae
837 2439 933 2499 debita
953 2437 1030 2498 fatis.

229 2522 271 2582 illi
293 2522 404 2581 alacres
426 2540 494 2600 pars
517 2539 597 2581 anna
618 2521 725 2596 locant,
748 2541 816 2600 pars
838 2524 928 2594 ardua
952 2567 958 2582 .
984 2568 991 2582 .
1015 2568 1023 2584 .
1048 2567 1054 2582 .

229 2606 400 2665 insternunt
421 2604 547 2666 tabulata
569 2605 642 2665 toris
664 2606 818 2685 oriturque
839 2614 1018 2668 trementum

229 2708 380 2752 remorum
404 2708 495 2750 sonus
518 2697 547 2749 et
569 2690 659 2752 laetae
681 2691 838 2752 concordia
860 2692 949 2754 vocis.

230 2775 362 2855 luppiter
384 2783 559 2854 arguentem
583 2794 636 2836 ceu
659 2795 773 2838 summa
796 2776 938 2840 Ceraunia
960 2777 1068 2838 nubem

231 2878 299 2921 cum
320 2860 435 2940 pepulit
457 2861 605 2939 movitque
630 2861 715 2940 iugis,
738 2861 848 2923 fulsere
871 2870 993 2941 repente

230 2953 259 3005 et
281 2962 402 3006 nemora
425 2953 454 3006 et
475 2945 590 3024 scopuli
613 2945 783 3025 nitidusque
804 2947 957 3008 reducitur
979 2946 1094 3008 aether:

230 3028 273 3089 sic
295 3029 384 3090 animi
406 3029 520 3090 rediere
543 3028 621 3101 viris,
645 3029 762 3108 iamque
784 3031 847 3110 ipse
870 3031 1008 3110 magister

232 3121 316 3172 nutat
337 3113 372 3174 ab
395 3113 563 3188 arcemus,
587 3113 735 3193 remisque
759 3115 901 3177 obsistere
924 3117 1058 3176 tendunt.

230 3198 395 3258 instaurant
416 3197 504 3277 primi
527 3197 684 3258 certamina
706 3199 780 3260 liber
801 3201 909 3261 amictu

230 3281 359 3359 Eurytus
382 3289 411 3342 et
432 3282 517 3344 dictis
539 3282 619 3343 Talai
642 3302 702 3342 non
725 3284 846 3344 territus
868 3285 949 3358 ldas;

231 3366 299 3426 inde
322 3365 370 3425 alii
393 3365 569 3445 increpitant
591 3367 685 3446 adque
708 3387 836 3447 aequora
858 3378 978 3448 pectore
1002 3369 1117 3430 tollunt.

179 3599 182 3606 '
214 3602 272 3652 438.
292 3599 403 3666 totisque
412 3617 440 3658 π,
463 3604 581 3666 totosque
599 3599 650 3669 Ep.
669 3601 747 3664 (386).
800 3604 858 3655 llo.
878 3609 979 3669 pectora
997 3619 1025 3666 π,
1046 3599 1219 3662 visceraSed.;

147 3683 181 3718 on
200 3669 325 3734 corpora?
344 3697 376 3706 -
395 3671 491 3734 partem
510 3685 538 3732 ιι,
555 3669 647 3736 partim
666 3669 697 3720 A.
785 3672 843 3723 449.
863 3670 944 3724 minas
962 3673 989 3723 Ρ.
1067 3673 1125 3724 462,
1144 3669 1219 3722 celsis

146 3735 287 3864 {ppplapppt
299 3733 734 3867 gzpptrpppileg’Btpnzopptspicrp'ris
744 3739 762 3796 l,
821 3740 880 3792 los.
898 3739 958 3791 foris
977 3739 1030 3790 Ma.
1085 3741 1217 3792 bibleu-
