2764 4340
494 913 529 1008 c
557 913 768 1006 ultani
794 913 993 1007 rrloor

399 1059 1073 1176 ARGONAVTIOON

530 1250 686 1315 LIBER
708 1249 942 1316 TERTIVS.

264 1502 376 1617 Tertia
396 1556 455 1618 iarn
477 1555 586 1636 gelidas
608 1554 745 1618 Tithonia
768 1556 892 1618 solverat
913 1557 1032 1618 umbras

261 1640 442 1720 exueratque
463 1642 582 1721 polum;
606 1641 724 1722 Tiphyn
745 1641 860 1720 placida
881 1641 937 1702 alta
959 1641 1108 1704 vocabant.

259 1729 281 1788 it
302 1727 386 1789 tectis
409 1730 505 1806 hrgoa
526 1746 642 1802 manus,
665 1726 847 1789 simulurbe
869 1727 992 1807 prolusi.

260 1813 389 1875 Aenidae
412 1813 487 1874 caris
509 1813 622 1875 socium
645 1813 825 1892 digressibus
847 1813 979 1874 haerent.

260 1898 330 1960 dant
352 1899 488 1960 Cererem
509 1899 678 1976 lectumque
700 1917 792 1978 pecus
813 1916 869 1958 nec
890 1898 1009 1978 palmite
1030 1897 1196 1964 Bacchum·
1288 1912 1304 1962 5

259 1984 386 2062 bithyno
409 1983 573 2062 Phrygiove
595 1990 699 2056 satum,
723 1984 774 2043 sed
796 2001 885 2061 quem
907 2002 960 2043 sua
981 1991 1051 2045 noto

261 2068 336 2128 colle
357 2086 412 2146 per
433 2075 573 2144 angustae
595 2067 707 2128 Lesbos
727 2068 802 2128 freta
823 2068 955 2146 suggerit
974 2067 1083 2130 Helles.

260 2153 325 2232 ipse
347 2150 407 2230 agit
429 2146 592 2213 Aesonidae
615 2152 732 2214 iunctos
754 2152 790 2213 ad
812 2152 897 2214 litora
919 2171 1038 2232 gressus

262 2237 383 2318 Cyzicus
405 2237 543 2298 abscessu
565 2236 721 2300 lacrimans
744 2283 973 2300 ........

205 2333 235 2384 26
256 2323 441 2398 muneribus,
464 2324 573 2402 primas
596 2323 727 2386 coniunx
747 2322 886 2385 Percosia
907 2333 1001 2386 vestes

259 2427 332 2488 quas
355 2409 472 2470 dederat
493 2409 573 2488 picto
596 2417 625 2470 et
647 2407 720 2470 Clite
741 2409 899 2470 sanaverat
912 2428 995 2469 auro.

259 2501 323 2553 tum
349 2494 460 2570 galeam
483 2502 511 2554 et
532 2493 643 2572 patriae
665 2493 756 2557 telum
778 2493 976 2572 insuperabile
998 2493 1116 2556 dextrae

259 2577 382 2638 addidit:
406 2578 470 2656 ipse
492 2577 575 2638 ducis
597 2585 713 2656 pateras
735 2584 764 2638 et
784 2577 923 2640 Thessala
945 2584 1047 2640 eontra

260 2663 343 2723 frena
366 2663 443 2741 capit
464 2661 660 2742 manibusque
682 2662 756 2723 datis
778 2661 901 2724 iunxere
922 2670 1053 2741 penates.

302 2747 349 2808 Tu
369 2746 442 2809 mihi
464 2766 544 2808 nune
567 2767 669 2809 causas
691 2747 869 2826 infandaque
890 2748 1011 2827 proelia,
1036 2747 1107 2820 Clio,
1270 2760 1301 2810 15

259 2832 355 2912 pande
376 2833 488 2908 virum;
511 2833 564 2894 tibi
587 2835 665 2894 enim
688 2852 830 2912 superum
852 2834 926 2908 data,
948 2829 1185 2912 virgo‚‘laeultas

258 2936 346 2979 nosse
368 2918 481 2980 animos
503 2937 662 2997 rerumque
683 2920 753 2979 vias
783 2938 838 2980 cur
859 2918 926 2980 talia
947 2937 1052 2998 passus

257 3021 346 3077 arma,
370 3004 441 3081 quid
462 3003 598 3082 hospitiis
620 3005 735 3064 iunctas
757 3021 936 3065 concurrere
958 3005 1073 3065 dextras

258 3086 414 3167 luppiter?
437 3087 516 3148 unde
538 3089 624 3149 tubae
647 3097 851 3168 nocturnaque
872 3089 963 3149 movit
984 3085 1112 3166 Erinys?

301 3173 444 3253 Dindyma
467 3173 637 3250 sanguineis
658 3173 802 3234 famulum
823 3173 961 3234 bacchata
982 3173 1099 3234 lacertis
1267 3183 1301 3234 to

259 3255 329 3317 dum
350 3258 462 3319 volueri
485 3257 579 3336 quatit
599 3277 695 3337 asper·
707 3277 784 3340 equo
807 3259 951 3336 silvasque
973 3257 1074 3336 latigat

242 3513 264 3562 1.
282 3508 364 3562 undas
381 3525 417 3572 π,
441 3509 542 3561 umbras
563 3509 659 3573 C(cfr.
677 3510 701 3575 l,
726 3511 794 3568 275).
868 3513 892 3562 4.
912 3508 1057 3562 Caeneadae
1073 3525 1110 3572 π,
1134 3507 1246 3560 Aenidae

172 3577 204 3628 A.
275 3580 299 3630 9.
319 3579 445 3629 lacunam
462 3577 633 3643 significavi;
658 3578 767 3629 coniunx
784 3577 899 3646 persocia
923 3581 1010 3630 vestes
1027 3594 1061 3642 π,
1080 3591 1148 3642 quae
1165 3578 1245 3627 cerda

173 3651 269 3696 tmere
292 3646 371 3698 illata
394 3651 458 3696 aunt
481 3662 515 3696 ece
533 3661 610 3696 carru
636 3649 768 3712 coquerem
795 3647 836 3698 eui
853 3645 930 3697 tradit
946 3645 1034 3697 amicis
1054 3644 1088 3709 G,
1106 3647 1246 3710 oneratque

171 3714 288 3780 superbis
306 3716 346 3780 A,
370 3713 443 3780 quod
459 3713 535 3764 bared
550 3715 695 3765 absurdum
714 3721 753 3765 est
768 3714 980 3781 supplementum
999 3711 1061 3778 (cfr.
1080 3712 1160 3778 Verg.
1180 3715 1244 3762 Aen.

171 3781 209 3847 lll,
228 3784 297 3846 485).
370 3785 409 3834 10.
433 3798 481 3833 ruo
501 3783 557 3833 loeo
577 3782 678 3849 legitur
695 3785 724 3832 in
742 3783 780 3844 A,
805 3798 919 3849 quaeum
937 3797 999 3832 eom
1020 3782 1111 3832 trabat
1128 3780 1161 3846 C,
1186 3786 1246 3844 pest

171 3852 252 3902 252'11
269 3866 297 3900 π.
371 3854 408 3903 ll.
433 3850 510 3902 dabat
531 3854 557 3902 et
581 3851 650 3916 picto
668 3867 702 3916 n,
726 3850 831 3903 dederat
848 3850 916 3916 picto
934 3853 960 3901 et
1002 3850 1026 3899 b.
1098 3851 1137 3902 13.
1161 3847 1244 3900 addit:

171 3920 215 3970 at?
233 3947 267 3956 -
284 3918 402 3985 phaleras
419 3919 465 3970 He.
537 3921 576 3971 14.
595 3922 702 3987 nepotes
711 3935 739 3984 a,
757 3917 920 3986 penatesssr.
940 3917 991 3985 (lv,
1007 3919 1059 3983 tl),
1078 3917 1128 3980 cll.
1146 3917 1175 3982 ll,
1186 3920 1244 3970 594.
