2780 4350
578 189 604 241 G.
624 188 742 240 VALERI
759 187 871 240 utnocl

236 361 323 423 saepo
345 361 413 404 suas
434 342 542 404 misero
564 343 736 422 promittere
760 343 885 403 destinat
906 349 992 417 artes,

236 429 360 506 denegat
381 436 467 506 atque
490 445 549 487 una
571 428 669 507 potius
692 427 824 488 decernit
845 427 876 487 in
898 427 985 500 hora;
1073 465 1076 468 -

236 531 270 573 ao
292 531 389 590 neque
411 520 470 572 tarn
491 512 573 591 turpi
595 530 744 573 cessuram
760 529 884 591 ‘semper
905 511 997 571 amori

237 597 397 677 proclamat
418 615 516 674 neque
538 616 625 676 opem
647 597 748 674 ignoto
770 596 905 674 viresque
927 597 1073 670 daturam3
1219 603 1280 656 32⁰

237 682 331 760 adque
351 690 417 742 toro
439 681 570 761 proiecta
591 689 699 757 manet,
722 699 790 742 cum
811 681 871 742 visa
893 680 989 741 vocari

236 784 341 828 rursus
364 776 394 828 et
414 765 533 844 inpulso
556 773 721 826 sonuerunt
743 765 862 826 cardine
883 773 994 845 postes.

279 851 358 930 Ergo
381 851 431 911 ubi
454 849 554 912 nescio
577 869 636 928 quo
658 850 776 930 penitus
798 869 830 912 se
853 849 975 911 numine
995 849 1073 909 vinci

237 936 327 997 sentit
348 944 377 997 et
398 935 545 996 abscisum
567 935 710 1014 quidquid
732 935 828 1014 pudor
849 942 917 996 ante
937 934 1085 1009 monebat,

237 1028 300 1081 tum
322 1019 439 1082 thalami
460 1020 610 1100 penetrale
632 1020 714 1098 petit,
737 1037 812 1098 quae
834 1019 957 1080 maxima
979 1027 1064 1079 norat

237 1105 343 1166 auxilia
364 1104 540 1166 Haemoniae
562 1122 708 1184 quaerens
729 1122 784 1184 pro
806 1123 876 1183 rege
897 1103 1023 1164 carinae.

238 1199 330 1268 utque
352 1190 457 1270 procul
479 1189 599 1269 magicis
622 1189 762 1269 spirantia
784 1195 859 1250 tecta
880 1189 1001 1250 venenis

238 1283 268 1335 et
288 1292 389 1335 saevae
410 1282 531 1353 patuere
551 1275 641 1349 fores,
665 1274 818 1353 oblataque
840 1281 943 1334 contra

238 1359 346 1432 omnia,
370 1377 444 1436 quae
466 1368 568 1438 ponto,
589 1355 666 1437 'quae
688 1359 822 1420 manibus
845 1357 922 1418 eruit
943 1355 1009 1418 imis

238 1452 268 1504 et
289 1461 363 1520 quae
385 1443 547 1520 sanguineo
569 1443 658 1503 lunae
680 1443 834 1504 destrinxit
854 1442 890 1503 ab
913 1460 974 1515 ore,

235 1522 321 1588 ‘tune
344 1520 485 1605 sequeris‘
509 1526 549 1588 ait
566 1522 740 1606 ‘quidquam
761 1535 811 1588 aut
832 1527 943 1606 patiere
966 1525 1147 1605 pudendum,
1255 1558 1257 1562 ·

239 1630 307 1674 cum
328 1611 381 1672 tibi
403 1620 446 1672 tot
467 1619 577 1673 mortes
600 1612 779 1690 scelerisque
800 1611 970 1672 brevissima
990 1610 1063 1671 tanti

239 1691 375 1776 effugiai’
400 1697 473 1758 haec
494 1698 605 1773 dicens,
627 1716 685 1775 qua
707 1716 768 1758 non
790 1697 918 1757 velocior
938 1697 997 1756 ulla

238 1781 331 1863 pestis
354 1789 416 1842 erat
437 1790 499 1844 toto
521 1782 701 1860 nequiquam
723 1782 835 1843 lumine
857 1781 970 1854 lustrat,

240 1874 454 1946 cunctaturque
476 1886 567 1947 super
588 1868 790 1944 morituraque
811 1865 923 1944 colligit
944 1865 1011 1925 iras.

239 1970 256 2010 o
279 1951 404 2012 nimium
427 1952 555 2012 iucunda
578 1952 649 2024 dies,
672 1970 760 2029 quam
782 1969 849 2012 cara
871 1949 925 2010 sub
947 1950 1011 2029 ipsa

238 2042 333 2094 morte
355 2035 463 2112 magisi
486 2035 566 2095 stetit
589 2047 614 2097 et
635 2054 700 2096 sese
721 2035 824 2096 mirata
845 2035 992 2096 furentem
1014 2041 1066 2094 est.

235 2113 358 2178 ‘occidis
380 2118 456 2179 heui
479 2119 576 2198 primo
598 2127 682 2198 potes
704 2121 761 2180 hoc
784 2120 889 2180 durare
910 2119 966 2180 sub
988 2115 1080 2179 acvo‘l

236 2193 305 2264 ‘nec
327 2210 360 2265 tu
382 2196 465 2264 lucis'
488 2204 536 2277 ait,
556 2199 625 2266 ‘neo
646 2204 752 2266 videris
774 2204 834 2264 ulla
856 2205 990 2264 iuventae

240 2287 353 2367 gaudia,
377 2308 433 2352 nec
455 2289 556 2350 dulces
577 2289 675 2350 fratris
697 2289 860 2369 pubescere
880 2285 993 2348 malasi

238 2373 460 2452 huncquoque
482 2374 533 2452 qni
556 2374 663 2448 nescis,
686 2373 824 2448 crudelis,
846 2373 950 2432 lasona
972 2370 1067 2432 nescis

239 2465 334 2518 morte
356 2458 536 2536 periratus,
559 2460 611 2535 qui
633 2466 662 2518 te
685 2476 766 2518 nuno
788 2458 902 2518 invocat
925 2474 1022 2529 unam,

239 2540 290 2618 qui
312 2549 459 2618 rogat-
482 2549 512 2600 et
533 2549 634 2601 nostro
658 2559 746 2618 quern
768 2541 862 2620 prirna
883 2543 914 2602 in
937 2540 1022 2601 litore
1043 2537 1117 2600 vidi?

239 2641 294 2684 cur
314 2622 367 2682 tibi
387 2623 506 2684 fallaces
527 2624 637 2702 placuit
658 2625 839 2703 coniungere
858 2627 976 2686 'donnas

152 2764 158 2778 ,
239 2714 321 2783 tunc,
344 2715 436 2788 pater,
460 2715 547 2787 atque
568 2709 632 2770 istis
654 2709 789 2770 iuvenem
812 2729 872 2771 non
896 2710 1019 2789 perdere
1039 2707 1181 2768 monstris
1227 2712 1266 2766 345

1082 2111 1090 2136 )

157 2891 459 2906 ὒ-ψ-

224 3008 281 3059 318.
299 3023 349 3060 una
367 3025 401 3074 π,
419 3009 470 3060 ima
490 3007 524 3062 B.
543 3038 576 3047 -
594 3010 629 3060 ira
647 3027 682 3076 π,
698 3011 758 3062 hora
777 3011 822 3062 He.
892 3013 950 3065 319.
970 3025 999 3062 ac
1017 3013 1127 3078 nequeat
1144 3025 1179 3076 π,
1196 3023 1224 3060 ac

154 3088 239 3193 η1111111
257 3074 375 3197 qqufr.
441 3079 789 3198 3303²ian3lr9eadoMmtsairl
809 3077 880 3199 lineo
898 3081 1000 3198 1103&
1018 3079 1118 3199 millia
1136 3092 1169 3129 ue
1190 3074 1224 3196 lis

154 3159 202 3263 llae
219 3157 267 3263 Bi.
286 3239 320 3248 -
337 3181 465 3264 distrinxit
482 3181 518 3278 M,
536 3159 668 3266 deillinxit
685 3185 754 3266 Bion
772 3163 859 3266 quim
876 3211 915 3278 M,
933 3187 977 3267 ore
994 3213 1040 3268 He.
1109 3183 1167 3268 3331
1184 3227 1225 3264 ve·

153 3278 234 3331 locius
253 3276 297 3342 M,
314 3279 427 3333 velocior
445 3280 515 3335 Bur.
618 3283 677 3334 334.
695 3282 841 3349 pestiferam
855 3282 896 3346 M,
924 3282 1002 3350 pestis
1029 3287 1083 3336 erat
1100 3279 1225 3332 rotrado

154 3347 200 3404 tad
219 3345 320 3398 Clarii.
338 3347 394 3413 Vll,
422 3351 437 3401 3
458 3366 487 3416 p.
504 3352 554 3403 tto
573 3349 611 3401 ed.
631 3349 722 3416 Myra).
740 3380 775 3388 -·
797 3354 872 3402 torvo
891 3349 969 3402 Koch.
1047 3353 1105 3404 337.
1124 3353 1150 3401 et
1166 3344 1224 3411 RB,

154 3430 205 3468 om.
223 3411 258 3465 M.
345 3416 404 3468 341.
423 3417 466 3482 qui
484 3432 550 3469 nunc
569 3421 608 3470 est
633 3417 669 3481 M,
687 3417 730 3497 qui
756 3419 839 3470 nescis
857 3417 934 3478 Soh.;
958 3417 1002 3484 qui
1025 3433 1092 3470 nunc
1116 3420 1155 3468 est
1177 3414 1225 3482 pri·

153 3497 259 3535 maevus
278 3481 327 3534 cn.
397 3485 455 3536 342.
478 3485 522 3551 qui
545 3500 612 3537 nunc
629 3489 681 3537 tete
697 3488 801 3537 invocat
818 3485 850 3536 M
870 3487 931 3549 (tete
954 3484 1016 3536 add.
1033 3501 1067 3537 m.
1085 3487 1122 3550 2),
1139 3484 1183 3550 qui
1200 3487 1224 3534 te

151 3565 219 3604 nunc
235 3550 338 3602 invocat
354 3549 414 3603 ΗΒ.
483 3555 540 3605 343.
559 3553 666 3619 primunr
685 3552 726 3617 M,
744 3554 824 3619 prirna
841 3549 893 3606 Hc.
917 3581 952 3592 —
970 3553 1032 3604 Post
1049 3555 1099 3606 344
1118 3555 1146 3603 in
1164 3549 1225 3616 lieg.
1268 3604 1278 3612 ,

155 3625 180 3671 et
203 3621 232 3670 r'n
260 3618 358 3683 codice,
386 3635 437 3684 quo
461 3635 525 3671 naus
543 3626 581 3672 eat
598 3621 675 3684 Pius,
702 3620 754 3672 duo
775 3623 871 3672 inserti
888 3625 966 3673 cram
982 3637 1088 3682 uorsus,
1112 3635 1177 3686 quos
1194 3632 1226 3668 osc

154 3687 296 3754 Pomponii
322 3685 399 3737 Laeti
423 3688 491 3738 libro
516 3687 685 3756 depromptos
711 3705 765 3740 ccco
793 3691 905 3741 coniecit
931 3690 1067 3740 Haimim:
1094 3689 1159 3740 Aeta
1183 3699 1227 3754 pa·

152 3769 231 3876 ἶεῃεέ
249 3754 413 3874 ⁸i1›1,¹,³,2-⁸⁰⁶¹¹(ii·
441 3770 486 3808 sna
510 3755 578 3807 fulva
595 3771 717 3824 negasses
732 3757 736 3823 Ι
751 3757 858 3821 vellera,
877 3757 898 3809 si
917 3757 972 3823 (sed
989 3757 1039 3820 m)
1057 3757 1167 3824 patrium
1184 3767 1227 3806 ve·

162 3837 245 3876 ursas
330 3837 356 3873 nr
374 3837 388 3874 a
406 3837 449 3875 ne.
