2780 4350
426 223 683 278 aauuuavrruult
699 225 793 280 LIBER
804 225 858 279 vu.
1135 225 1193 286 141

155 399 203 442 me
224 379 334 460 potius,
356 379 456 459 recipe
477 381 609 460 ingratos
631 381 726 459 adque
749 400 822 442 exue
844 387 957 443 cantus.

154 465 221 544 quis
242 465 315 526 mihi
336 465 411 526 lucis
433 464 536 526 amor?
559 466 682 546 patriam
704 483 758 526 cur
778 465 905 545 amplius
926 474 1035 546 optem,

38 625 41 632 Δ
153 551 180 611 si
201 568 262 610 nou
285 557 314 610 ot
336 550 452 629 genitor
471 558 501 611 te
522 551 647 630 primam
668 538 855 630 amplectitur
876 551 983 628 Aeson,

154 643 242 714 teque
263 641 315 695 tuo
337 635 426 714 longe
447 635 609 714 fulgentem
631 635 737 698 vellere
760 635 891 714 gaudeus

156 726 268 799 spectat
290 726 319 780 et
340 719 377 780 ad
397 719 509 799 primos
531 725 687 801 procursat
709 720 830 782 Graecia
851 719 983 782 fluctus?

154 804 270 884 respice
292 803 327 865 ad
349 805 402 866 has
423 823 509 866 voces
532 813 561 866 et
582 805 648 880 iam,
671 823 787 885 precor,
810 806 916 881 adnue,
940 806 1079 868 coniunx.

154 897 268 968 perte,
292 905 367 967 quae
389 889 506 969 superis
528 889 661 969 divisque
682 890 832 969 potentior
853 890 929 966 imis,

154 990 268 1052 perque
290 974 372 1049 haec,
394 973 486 1052 virgo,
509 982 561 1036 tuo
583 973 736 1036 redeuntia
757 975 852 1037 sidera
873 983 949 1036 nutu

154 1057 250 1136 adque
272 1077 326 1138 per
346 1060 399 1120 has
421 1059 515 1120 nostri
537 1059 603 1121 iuro
626 1058 804 1120 discriminis
825 1059 922 1134 horas,

154 1161 295 1222 umquam
317 1161 372 1222 ego
394 1143 419 1204 si
440 1143 537 1206 meriti
560 1144 616 1206 sim
637 1144 733 1206 noctis
755 1155 781 1206 et
801 1144 956 1206 immemor
976 1143 1076 1218 huius,

153 1227 179 1288 si
198 1237 229 1288 te
251 1235 376 1308 sceptra,
399 1228 528 1304 domum,
552 1229 577 1290 si
599 1236 628 1290 te
649 1229 771 1308 liquisse
793 1227 938 1309 parentes}

152 1312 283 1374 senseris
304 1322 334 1375 et
353 1331 402 1374 me
423 1322 486 1374 tum
508 1332 570 1375 uon
592 1315 664 1374 haec
685 1313 830 1393 promissa
850 1320 993 1389 tuentem,

154 1404 218 1459 tum
239 1416 286 1458 me
308 1416 369 1459 non
392 1405 492 1459 tauros
513 1398 593 1460 iuvet
614 1399 738 1460 evasisse
759 1399 898 1477 torosque

153 1482 328 1561 terrigenas,
350 1487 413 1544 tum
435 1501 483 1545 me
503 1483 588 1546 tectis
610 1491 660 1544 tua
680 1483 780 1544 turbet
801 1483 833 1544 in
855 1482 928 1562 ipsis

153 1568 269 1629 flamma
291 1574 416 1647 tuaeque
437 1574 531 1642 artes;
554 1568 655 1629 nullus
677 1563 851 1630 succurrere
872 1576 975 1630 contra

153 1652 270 1731 ingrato
291 1659 381 1730 queat
400 1659 438 1726 et,
461 1652 559 1730 siquid
579 1652 633 1714 tibi
655 1653 778 1726 saevius,
801 1652 865 1712 istis

152 1737 261 1800 adicias
281 1755 389 1816 meque
411 1736 442 1796 in
463 1735 559 1797 medio
580 1744 694 1797 terrore
717 1729 885 1813 relinquas.²

153 1821 244 1884 audiit
264 1829 353 1900 atque
374 1820 462 1882 simul
483 1819 595 1882 meritis
616 1820 747 1901 periuria
767 1819 872 1900 poenis
999 1893 1000 1898 γ

152 1906 316 1986 despondet
336 1912 460 1984 questus
481 1923 599 1986 semper
619 1906 716 1966 Furor
737 1905 817 1966 ultus
838 1903 971 1966 amantis.

128 2014 132 2019 ⁴
196 1991 275 2052 Haec
297 1991 348 2051 ubi
370 1991 455 2066 dicta,
478 1999 576 2052 tamen
598 1998 731 2071 perstant
754 1990 866 2052 defixus
888 1995 1022 2066 uterque,

152 2085 183 2139 et
204 2094 285 2138 nunc
307 2094 358 2136 ora
379 2075 476 2136 ierant
495 2076 598 2138 audaci
619 2076 693 2137 laeta
707 2075 833 2149 iuventa,
921 2071 923 2076 ⁸

152 2179 204 2223 ora
225 2160 314 2222 simul
334 2159 443 2220 totiens
465 2161 559 2221 dulcis
580 2161 723 2239 rapientia
743 2159 837 2233 visus,

153 2263 235 2306 nunc
258 2242 346 2304 deicit
365 2243 464 2303 vultus
485 2262 571 2322 aeger
592 2245 689 2323 pudor
710 2251 739 2304 ct
760 2261 843 2304 mora
864 2240 949 2303 dictis

153 2327 341 2390 redditurae
363 2343 468 2386 rursus
490 2335 638 2388 conterret
659 2328 762 2388 lasona
783 2327 875 2405 virgo.

149 2408 275 2490 ‘accipe
298 2409 469 2490 perdomitis
491 2429 566 2489 quae
588 2412 693 2473 deinde
715 2411 847 2492 pericula
869 2410 961 2472 tauris

152 2505 182 2560 et
203 2495 270 2575 quis
292 2496 323 2556 in
346 2494 448 2556 Aeolio
468 2505 584 2558 mancat
605 2503 634 2558 te
655 2497 762 2558 vellere
783 2503 904 2570 custos3

153 2582 287 2643 nondum
310 2587 415 2641 cuncta
437 2580 500 2657 tibi,
522 2582 625 2658 fateor,
647 2582 792 2662 promissa
813 2581 925 2661 peregi.

153 2667 266 2728 saevior
286 2664 400 2744 ingenti
422 2663 558 2727 Mavortis
580 2667 611 2728 in
633 2667 738 2728 arbore
760 2673 859 2740 restat,

153 2752 249 2826 crede,
270 2749 368 2824 labor3
392 2767 480 2827 quem
501 2783 543 2796 —-
565 2758 645 2811 tanta
666 2751 778 2812 utinam
800 2749 906 2810 fiducia
927 2748 1022 2808 nostri
1145 2756 1191 2808 520

155 2837 193 2896 sit
213 2835 285 2896 mihi
307 2840 530 2912 nocturnaeque
552 2833 676 2896 Hecates
697 2833 845 2910 vestrique
865 2826 993 2916 vigoris?

154 2921 274 2995 dixerat,
296 2926 389 2997 utque
410 2917 506 2980 virum
527 2917 637 2995 doceat,
660 2937 735 2998 quae
756 2924 888 2978 monstra
908 2914 1069 2996 supersint,

153 3005 290 3085 protinus
312 3003 455 3064 inmensis
477 3003 666 3065 recubantem
688 3002 867 3064 anfractibus
889 3019 1017 3082 anguem

152 3088 251 3150 turbat
272 3095 302 3150 et
322 3086 476 3150 Haemonii
497 3086 594 3150 subito
616 3087 700 3150 ducis
722 3087 812 3149 obicit
832 3087 976 3149 umbram.

135 3275 195 3326 496.
213 3269 357 3338 procumbit
373 3287 401 3332 π,
418 3272 543 3337 procurrit
560 3271 615 3337 Ha,
632 3275 763 3339 procursat
781 3271 841 3323 Sed.
927 3272 985 3322 501.
1004 3270 1026 3322 si
1043 3269 1138 3322 meritis

67 3341 155 3394 noctis
171 3355 205 3405 π,
228 3339 248 3392 si
272 3337 354 3390 meriti
371 3337 418 3389 sim
438 3339 520 3390 noctis
537 3344 562 3390 et
581 3339 608 3392 C.
684 3343 741 3392 503.
760 3337 889 3390 videntem
907 3354 941 3399 rr,
960 3339 1075 3390 tuentem
1092 3338 1138 3388 He.

65 3409 129 3472 (cfr.
147 3408 189 3474 vl,
206 3409 240 3471 3).
310 3407 366 3458 506.
385 3406 448 3456 Pius
465 3409 494 3456 tn
512 3407 588 3458 codd.
606 3407 751 3458 emendatis
769 3407 833 3457 daec
850 3423 878 3457 re
894 3408 1043 3472 repperisse
1061 3404 1138 3458 dicit:

64 3478 183 3542 flamma,
206 3476 269 3541 quot
292 3471 394 3524 infanda
411 3477 518 3540 possunt
535 3475 561 3526 in
578 3475 656 3526 caede
672 3475 768 3526 furores
783 3475 788 3542 Ι
803 3474 921 3538 adiicias,
939 3477 1057 3540 artesque
1073 3477 1138 3536 tuas,

65 3543 306 3600 succurrerenullus
321 3541 325 3609 i
341 3541 440 3607 ingrato
454 3545 531 3608 queat
541 3557 565 3596 e.
573 3558 598 3609 q.
608 3559 629 3596 s.
665 3545 723 3596 507.
743 3545 771 3593 tn
787 3557 821 3607 π,
838 3542 884 3593 tibi
902 3542 966 3592 Bor.
985 3571 1020 3579 -
1037 3541 1099 3608 ipsis
1110 3556 1139 3604 rr,

64 3663 124 3716 istis
141 3662 184 3716 Bo.
259 3661 317 3714 512.
335 3623 384 3713 mpc
402 3660 439 3724 V,
457 3675 524 3712 nunc
541 3659 577 3724 Μ,
596 3674 647 3710 non
664 3659 695 3710 L.
765 3661 822 3714 513.
840 3659 928 3712 dulces
945 3657 1039 3711 totiens
1055 3657 1087 3711 L.

14 3745 21 3798 ,ᾗ
66 3733 128 3785 514.
153 3745 221 3782 nunc
248 3728 325 3781 deicit
348 3746 369 3780 π
393 3727 456 3792 (cfr.
474 3727 504 3780 L.
534 3727 655 3780 Mueller.
688 3725 720 3778 de
747 3743 778 3778 re
802 3733 879 3780 metr.
906 3743 933 3793 p.
960 3728 1035 3792 ara,
1062 3725 1140 3780 deicit

66 3799 129 3850 hinc
145 3797 176 3850 B.
244 3798 303 3850 520.
338 3805 412 3848 uaem
430 3799 524 3861 (quand
541 3811 570 3860 π,
588 3795 657 3862 qnod
678 3793 725 3849 Pte.
741 3794 783 3846 W.
802 3797 881 3861 (645).
969 3797 1027 3847 ott.
1047 3796 1137 3848 nostri·
1185 3814 1187 3820 ·

69 3880 122 3934 que
138 3881 167 3930 π,
184 3864 312 3930 vestrique
321 3811 379 3918 11Ιῖιε.
577 3859 581 3869 ’
