2792 4340
584 195 611 245 c.
629 191 745 260 vanam
762 191 872 244 rnaccr

249 349 350 427 quales
372 346 492 408 instanti
515 347 683 408 nimborum
705 346 815 425 frigore
837 354 962 407 maestae
1244 359 1286 410 555

249 433 412 495 succedunt
434 433 521 493 ramis
543 433 724 510 haerentque
746 449 854 510 pavore
876 432 1020 492 volucres.

292 519 411 597 lamque
433 518 531 592 Getae,
554 517 671 595 iamque
693 516 790 577 omnis
812 515 903 578 Hiber
925 515 1134 595 Drancaeaque
1156 518 1246 580 densa

250 611 347 681 strage
369 602 445 663 cadit
467 602 543 681 legio
566 611 595 662 et
617 601 682 662 latis
704 601 903 681 prosternitur
925 601 1010 662 arvis.

249 688 411 749 semineces
434 687 627 766 duplicesque
648 686 726 748 inter
747 705 800 747 sua
821 687 878 747 tela
900 705 1031 765 suosque

249 773 326 833 inter
349 791 441 851 equos
464 791 576 832 saevam
598 772 706 832 misero
729 771 887 833 luctamine
908 780 1026 832 versant
1243 783 1287 834 510

249 858 417 937 congeriem
441 866 469 918 et
490 857 587 935 longis
610 875 729 936 campos
751 856 930 935 singultibus
951 856 1075 936 inplent.

249 943 374 1004 victores
396 941 523 1022 patrium
546 950 650 1002 contra
671 961 782 1020 paeana
800 941 909 1010 ,Geloni

249 1027 473 1107 congeminant;
497 1027 597 1087 eadem
618 1027 743 1088 redeunt
763 1045 831 1087 mox
854 1026 957 1105 gaudia
978 1025 1070 1095 victis,

248 1131 305 1191 qua
328 1113 400 1173 dens
423 1120 452 1173 et
473 1112 578 1172 melior
599 1111 668 1172 belli
690 1112 819 1191 respexit
840 1111 946 1190 imago.

291 1197 363 1268 Quis
385 1198 457 1258 tales
479 1197 576 1257 obitus
599 1197 720 1270 dederit,
744 1196 810 1276 quis
832 1197 899 1257 talia
920 1197 1004 1269 lacta,
1077 1204 1088 1226 ⁸

248 1281 294 1343 dic
316 1301 378 1361 age,
401 1290 493 1362 tuque
514 1282 569 1343 leri
591 1282 790 1356 reminiscere,
812 1282 905 1355 Musa,
926 1281 1045 1341 luroris.

248 1366 391 1446 Absyrtus
413 1367 500 1446 clipei
521 1367 610 1427 radiis
632 1385 782 1445 curruque
804 1385 946 1427 coruscus

248 1451 325 1512 Solis
347 1453 400 1526 avi,
423 1453 508 1512 cuius
530 1451 690 1511 vibrantem
714 1452 880 1512 comminus
901 1452 1012 1511 hastam

248 1554 370 1596 cernere
393 1555 448 1596 nec
471 1536 581 1614 galeam
604 1543 705 1614 gentes
728 1544 852 1615 potuere
874 1536 1043 1609 minantem,

247 1621 299 1680 sed
320 1621 452 1700 trepidae
473 1620 599 1680 redeunt
621 1628 649 1680 et
671 1639 754 1682 verso
776 1623 898 1682 vulnera
919 1629 1003 1699 tergo
1086 1673 1087 1676 ,

246 1703 397 1784 accipiunt
418 1705 592 1784 magnisque
613 1706 713 1784 lugam
736 1706 912 1767 clamoribus
933 1711 1042 1784 augent
1062 1737 1104 1749 —

245 1790 371 1870 proterit
392 1791 513 1871 inpulsu
537 1790 631 1870 gravis
654 1791 769 1870 agmina
792 1809 976 1871 corporaque
997 1789 1066 1850 atris

246 1876 351 1936 sternit
374 1877 458 1954 equis
481 1877 666 1955 gemitusque
687 1875 796 1955 premit
816 1876 955 1955 spirantis
977 1874 1080 1936 acervi.

247 1979 303 2021 nec
324 1960 416 2020 levior
437 1961 593 2021 comitatur
614 1964 704 2034 Aron,
726 1961 876 2022 horrentia
898 1961 983 2022 cuius
1018 1977 1035 1996 ⁴·
1371 2036 1372 2042 ἵ

246 2044 374 2104 discolor
395 2063 474 2104 amna
497 2063 588 2124 super
609 2045 836 2124 squalentesque
858 2063 925 2106 aere
947 2047 1070 2106 lacertos
1238 2055 1282 2107 tto

245 2127 396 2190 barbarica
418 2129 547 2208 chlamys
568 2129 650 2190 ardet
671 2147 724 2189 acu
747 2130 973 2209 tremefactaque
994 2139 1080 2192 vento

247 2212 350 2292 implet
372 2232 490 2291 equum,
513 2214 608 2294 qualis
630 2215 723 2275 roseis
745 2214 767 2274 it
788 2215 907 2277 Lucifer
928 2216 990 2290 aliS,

246 2317 333 2377 quem
356 2297 455 2360 Venus
477 2299 595 2360 inlustri
618 2301 724 2378 gaudet
745 2302 905 2380 procedere
927 2301 1017 2361 caelo.

245 2392 275 2444 at
296 2402 356 2445 non
380 2384 448 2445 inde
470 2386 576 2464 procul
598 2384 756 2446 Rambelus
779 2393 807 2447 et
828 2403 896 2446 acer
918 2385 1023 2446 Otaxes

245 2468 428 2547 dispulerant
450 2470 574 2530 Colchos
596 2470 764 2549 pariterque
786 2471 931 2549 inglorius
952 2472 1065 2543 Armes,

243 2553 346 2612 lraude
370 2571 444 2612 nova
466 2553 579 2614 stabula
602 2562 631 2613 et
651 2555 738 2614 lurtis
761 2556 900 2616 adsuetus
923 2555 1024 2616 inultis

244 2636 424 2714 depopulare
447 2653 560 2716 greges,
583 2638 710 2698 frontem
734 2658 801 2699 cum
824 2640 964 2701 cornibus
987 2639 1067 2700 auxit

244 2719 379 2799 hispidus
401 2720 491 2800 inque
514 2722 560 2784 dei
582 2723 666 2783 latuit
687 2732 800 2784 terrore
822 2723 937 2803 Lycaei.

244 2806 298 2866 hac
320 2813 392 2868 tunc
414 2807 552 2869 attonitos
574 2809 648 2870 facie
670 2810 809 2870 defixerat
829 2810 939 2870 hostes.

244 2909 332 2968 quem
355 2892 443 2952 simul
465 2893 565 2971 ignota
587 2894 743 2955 lomnidine
766 2894 841 2966 bella
863 2903 1028 2956 moventem

242 2975 314 3036 vidit
335 2980 426 3051 Aron,
445 2969 578 3055 ‘pavidos
600 2975 636 3038 te'
660 2979 758 3058 inquit
776 2974 871 3040 ‘nunc
893 2999 958 3040 rere
979 2978 1136 3060 magistros

244 3068 273 3120 et
295 3061 433 3122 stolidum
455 3062 575 3140 petiisse
597 3081 699 3141 pecus.
744 3083 805 3125 non
828 3083 936 3143 pascua
958 3083 1013 3126 nec
1034 3064 1088 3124 bos

243 3143 291 3204 hic
313 3144 383 3219 tibi;
406 3146 561 3207 nocturnis
583 3146 666 3208 mitte
687 3149 759 3210 haec
781 3149 935 3210 simulacra
957 3149 1078 3229 rapinis,

242 3247 314 3289 neve
337 3230 425 3290 deinn
446 3230 518 3292 mibi
540 3233 635 3310 linge;
659 3231 731 3294 deus
753 3253 872 3314 quoqne
895 3253 1019 3296 consere
1041 3228 1189 3295 dextram.³

244 3313 286 3374 sic
308 3312 357 3386 ait,
381 3315 552 3395 intentaque
575 3316 705 3378 adiutum
728 3319 838 3380 missile
860 3320 959 3399 planta
1237 3326 1286 3378 540

241 3397 341 3478 dirigit
364 3407 392 3458 et
414 3400 503 3480 lapsis
526 3411 686 3482 patuerunt
706 3405 827 3465 vulnera
848 3404 933 3465 villis.

160 3506 464 3528 Ἀ..-

223 3567 281 3617 tot.
299 3565 364 3618 Dran
384 3580 481 3633 aeaque
502 3567 548 3619 Tb.
618 3571 676 3623 519.
695 3571 830 3623 micantem
849 3590 878 3640 φ.
948 3574 1006 3625 ⁵22.
1024 3573 1088 3624 actis
1105 3569 1161 3634 Hc,
1179 3567 1231 3621 acri

155 3633 254 3694 (sternit
271 3637 347 3700 equo)
367 3582 428 3696 hoq
454 3650 517 3686 num
535 3635 612 3689 altis?
681 3641 740 3692 526.
758 3639 892 3691 tumefacta
912 3656 945 3709 φ.
1015 3642 1073 3694 528.
1091 3637 1231 3705 producere

154 3715 183 3764 π,
199 3701 337 3766 procedere
356 3699 431 3753 Selia.
510 3706 568 3756 535.
586 3709 679 3773 agnota
696 3723 724 3771 n,
743 3706 830 3774 ignota
848 3705 876 3760 J.
964 3711 1021 3762 537.
1040 3721 1119 3759 nexos
1137 3721 1164 3769 π,
1183 3717 1232 3756 nec

154 3765 213 3834 spds
231 3769 331 3834 (seper)
351 3769 376 3832 0,
396 3785 442 3822 nec
459 3769 507 3822 bos
526 3769 573 3825 ΒΞ.
644 3777 701 3828 538.
720 3783 755 3843 Ξ
768 3776 842 3842 panis
861 3775 893 3840 V,
911 3776 1037 3843 panisM,
1054 3774 1150 3841 rapinis
1169 3771 1230 3824 CPt.

240 3837 386 3888 539dextra
405 3855 433 3904 π,
454 3838 569 3890 dextram
588 3837 634 3892 132.
