2764 4340
462 215 717 271 ARGONAVTICON
734 217 829 272 LlBllll
845 219 885 274 lll.

184 393 351 455 extinctum
374 407 469 470 genus
491 397 520 450 et
542 388 618 450 solas
641 407 696 469 per
716 391 834 452 moenia
854 402 963 455 matres

183 479 307 542 vidisset
329 483 509 553 stratamque
531 474 593 535 dies
616 474 646 534 in
670 474 756 535 litore
778 485 907 554 gentem.

231 563 415 640 Tumpater
436 559 624 638 omnipotens
646 567 764 638 tempus
787 560 845 622 iam
867 581 937 643 rege
959 573 1114 646 perempto

185 649 307 709 flectere
320 646 379 706 lata
400 652 482 706 ratus
504 644 687 723 miserasque
708 643 885 726 abrumpere
908 667 1033 728 pugnas,
1187 662 1234 716 tto

185 749 357 812 supremam
380 729 516 790 celeravit
538 747 625 808 opem
647 735 783 809 nutuque
806 750 912 794 sereno

184 817 325 891 intonuit,
349 833 438 894 quem
459 813 552 875 Nocte
574 821 663 888 satae,
685 833 775 892 quem
797 815 932 878 turbidus
956 818 1058 886 horret

185 902 378 981 armipotens.
423 907 602 978 tunc‘porta
623 899 716 960 trucis
739 901 798 961 coit
820 900 914 963 infera
935 902 1014 965 belli.

186 987 330 1049 continuo
348 986 424 1046 ‘dant
445 992 526 1063 terga
548 991 629 1044 metu
650 984 788 1063 versique
809 1003 864 1065 per
885 1005 972 1066 agios

187 1072 357 1150 diffugiunt,
379 1087 455 1148 quae
477 1069 540 1129 sela
559 1069 655 1129 salus:
678 1087 734 1130 nec
756 1077 838 1149 terga
860 1080 1000 1134 ruentum
1184 1085 1231 1137 tab

186 1173 271 1218 mens
293 1155 400 1234 Minyis
422 1172 562 1215 conversa
584 1152 684 1232 seqni;
708 1154 788 1216 stetit
808 1156 894 1216 anxia
915 1157 1018 1219 virtus.

188 1259 258 1303 ecce
279 1241 335 1301 levi
357 1239 469 1319 primos
492 1239 549 1300 iam
571 1257 710 1318 spargere
732 1238 844 1300 lumine
865 1249 970 1320 portus

187 1334 250 1387 orta
273 1325 334 1386 dies
356 1331 504 1402 notaeque
527 1323 631 1398 (nefas)
654 1321 802 1386 albescere
824 1332 932 1386 turres.

183 1403 226 1473 ‘di
248 1401 346 1471 maris'
370 1407 494 1470 attonito
517 1407 682 1470 conclamat
701 1407 738 1468 ab
759 1409 877 1488 agmine
899 1410 1011 1490 Tiphys

182 1489 230 1557 ‘ut
251 1514 317 1556 mea
338 1493 417 1556 fatali
440 1491 599 1554 damnastis
621 1500 741 1572 pectora
764 1495 886 1555 somnol
1182 1507 1228 1560 333

184 1583 244 1642 heu
268 1580 339 1641 socii
361 1579 481 1658 quantis
502 1577 682 1656 conplerunt
703 1577 789 1640 litora
809 1580 950 1640 monstris
958 1574 977 1640 l'

185 1666 227 1726 illi
250 1673 348 1726 autem
370 1682 468 1742 neque
490 1663 586 1723 adhuc
607 1662 733 1740 gemitus
755 1681 854 1742 neque
876 1665 994 1726 muscia
1015 1666 1085 1728 tacti

185 1769 238 1812 ora
260 1749 371 1824 levant3
394 1755 475 1809 tenet
497 1765 645 1826 exangues
667 1747 749 1826 rigor
774 1748 912 1810 horridus
933 1757 1025 1825 artus,

185 1854 240 1896 ceu
263 1842 348 1913 pavet
368 1835 405 1895 ad
427 1832 524 1894 crines
547 1839 577 1893 et
597 1831 690 1895 tristia
711 1832 860 1893 Pentheos
882 1851 933 1893 ora

185 1919 309 2000 Thyias,
333 1918 384 1979 ubi
406 1917 542 1997 inpulsae
565 1916 622 1978 iam
645 1935 676 1978 se
699 1917 772 1978 deus
794 1917 911 1996 agmine
932 1919 1034 1980 matris
1182 1929 1226 1982 265

184 2004 304 2066 abstulit
326 2010 355 2064 et
377 2002 455 2065 caesi
476 2008 639 2063 vanescunt
660 2020 772 2063 cornua
794 2002 881 2063 taum.

185 2109 242 2152 nec
262 2089 363 2150 minus
384 2087 469 2150 effusi
493 2086 690 2165 grandaevum
711 2087 748 2148 ad
769 2086 857 2148 litora
878 2087 993 2167 vulgus,

186 2182 219 2236 ut
241 2174 335 2235 socias
357 2173 455 2234 videre
477 2190 593 2246 manus,
616 2172 685 2232 dare
706 2190 790 2234 versa
812 2179 960 2233 retrorsus

185 2266 267 2339 terga
287 2267 379 2320 metu.
423 2257 557 2319 dextram
576 2257 702 2317 tendens
723 2256 886 2336 proclamat
908 2257 995 2318 lason

180 2337 271 2423 ‘quos
293 2339 418 2422 sugitis?
440 2342 544 2402 vallem
566 2341 622 2402 hae
643 2341 780 2419 equidem
801 2359 850 2402 me
872 2349 970 2420 strage
989 2359 1132 2420 meosque
1180 2353 1227 2404 tto

183 2428 379 2508 procubuisse
400 2427 503 2506 magis.
547 2426 621 2486 deus
642 2426 726 2500 haec,
748 2425 821 2487 deus
842 2443 930 2505 asper
952 2426 1087 2505 utrisque

183 2513 330 2592 inplicuit.
375 2530 478 2574 smnus
499 2511 558 2572 heu
580 2511 712 2590 Minyae,
734 2528 838 2571 sumus
859 2510 975 2590 hospita
997 2511 1094 2572 turba.

185 2601 251 2675 [cur
273 2598 360 2660 etiam
381 2598 512 2658 flammas
532 2595 718 2674 miserosque
739 2613 891 2657 moramur
911 2591 1085 2674 honores‘l']

229 2683 305 2744 Tum
327 2701 418 2762 super
439 2699 588 2760 exangues
610 2680 760 2742 consertae
781 2681 878 2742 caedis
899 2699 1018 2742 acervos

184 2767 338 2848 praecipiti
360 2767 503 2847 plangore
525 2774 633 2839 ruunt3
655 2764 791 2844 agnoscit
811 2765 842 2825 in
865 2766 922 2826 alta
1182 2775 1227 2827 275

185 2862 283 2932 strage
305 2853 400 2913 virum
422 2869 476 2912 sua
498 2858 575 2912 texta
596 2867 714 2930 parens,
738 2866 791 2909 sua
812 2867 937 2910 munera
958 2849 1099 2910 coniunx.

184 2938 208 2998 it
230 2938 354 3016 gemitus
377 2943 439 2996 toto
461 2936 582 2997 sinuosa
604 2953 659 3014 per
680 2951 808 3012 aequora
830 2933 921 2995 caelo.

183 3041 254 3102 pars
276 3021 374 3084 tenuis
396 3021 483 3082 ssatus
506 3029 535 3080 et
556 3019 651 3080 adhuc
673 3018 826 3080 stridentia
848 3026 991 3098 prensant

183 3108 312 3181 volnera,
334 3123 404 3187 pars
427 3123 492 3168 sera
514 3112 691 3183 conponunt
711 3103 824 3164 lumina
846 3104 955 3166 dextra.

182 3201 301 3254 atvero
324 3193 355 3252 in
377 3190 482 3252 mediis
505 3189 631 3268 exangui
651 3207 723 3268 rege
743 3196 862 3267 reperto

182 3277 355 3357 aggeribus,
377 3275 455 3337 tristi
477 3275 583 3336 sileant
604 3292 659 3335 ceu
681 3281 778 3335 cetera
800 3274 930 3352 planctu,

182 3363 225 3424 sic
246 3362 390 3423 famulum
410 3368 598 3438 matrumque
620 3359 714 3433 dolor,
737 3359 780 3420 sic
802 3357 899 3418 omnis
922 3357 958 3418 ad
979 3373 1074 3418 unum

181 3466 264 3509 versa
285 3465 401 3508 manus.
445 3445 523 3506 circa
545 3444 674 3506 lacrimis
696 3462 729 3504 33
750 3441 900 3504 mentibus
921 3442 1002 3520 aegri

164 3680 383 3735 statuimur.
403 3680 463 3744 (afr.
480 3679 549 3745 386).
620 3679 677 3730 tat.
697 3675 1017 3742 3333313333,33331333
1037 3672 1062 3725 C.
1116 3675 1174 3724 257.

95 3751 177 3818 primo
194 3745 227 3802 P.
298 3751 356 3802 273.
378 3746 488 3800 Philoni
501 3752 566 3813 port
582 3747 632 3798 ato
651 3744 823 3796 collocandus
842 3761 896 3795 aare
912 3743 1032 3805 videtur,
1049 3741 1117 3791 mitt
1133 3745 1175 3791 in-

26 3830 29 3836 '
92 3818 182 3881 fertur
200 3820 229 3868 tn
247 3820 372 3882 margine
398 3821 511 3882 aposta
531 3814 684 3879 ademptus
701 3818 727 3864 et
741 3829 792 3879 per
810 3827 928 3864 errorem
946 3812 998 3860 hue
1017 3809 1175 3862 translatus.

164 3888 222 3940 228.
243 3887 346 3952 prensat
363 3900 392 3949 a,
410 3887 531 3951 prensant
550 3881 606 3934 cod.
626 3879 695 3934 Bar.
716 3879 773 3933 Car.

912 3961 1022 4014 ,4,
