2780 4350
595 215 623 264 G.
640 211 758 264 VALERl
774 210 886 263 FLAGGI

262 391 317 434 ceu
339 371 423 444 solet,
449 376 479 428 et
498 367 605 428 blanda
626 366 723 446 poscit
742 385 790 426 me
812 365 919 444 pabula
943 363 1055 442 lingua

261 458 308 519 dic
329 475 383 536 age
405 473 496 528 nunc,
519 459 618 513 utrum
641 452 771 530 vigilanti
792 452 967 528 hostemque
987 449 1096 509 videnti

264 542 381 604 enudas
403 540 519 601 auterre
540 538 621 612 velis,
644 557 681 597 an
704 536 816 597 lumina
837 554 943 596 somno
1261 537 1284 586 tt

261 626 422 706 mergimus
445 631 475 684 et
495 623 638 684 domitum
660 622 760 702 potius
781 621 834 683 tibi
855 621 998 680 tradimus
1019 635 1147 696 anguem
1154 612 1179 676 ‘l'

262 713 311 773 ille
333 711 416 786 silet;
439 717 538 770 tantus
558 707 649 770 subiit
671 727 737 768 uam
759 705 882 785 virginis
904 706 1020 765 horror.

303 797 425 875 lamque
445 813 551 856 manus
574 792 692 854 Colchis
713 791 885 870 crinemque
906 789 1074 851 intenderat
1094 787 1189 862 astris,

262 882 391 944 carmina
411 879 564 941 barbarico
584 879 714 940 lundens
735 877 820 956 pede,
841 884 931 954 teque
953 873 1056 948 ciebat,

263 968 372 1028 Somne
394 973 486 1046 pater.
527 957 651 1026 ‘Somne
673 963 872 1042 omnipotens,
894 970 924 1022 te
947 960 1063 1021 Colchis
1084 958 1121 1018 ab
1143 955 1219 1017 omni
1261 963 1285 1013 tt

262 1053 335 1113 orbe
355 1070 428 1112 voco
450 1051 543 1128 inque
564 1067 659 1109 unum
680 1048 768 1109 iubeo
790 1065 872 1108 nunc
894 1047 938 1107 ire
960 1047 1128 1118 draconem,

263 1156 338 1217 quae
359 1138 434 1197 treta
455 1155 543 1215 saepe
564 1142 616 1196 tuo
639 1134 749 1209 domui,
772 1151 847 1212 quae
870 1131 971 1192 nubila
992 1149 1087 1190 cornu

262 1222 445 1301 fulminaque
468 1228 497 1282 et
517 1228 579 1281 toto
601 1218 743 1298 quicquid
763 1217 853 1278 micat
872 1218 1007 1289 aethere3
1030 1217 1082 1276 sed
1104 1231 1194 1286 nunc,

261 1305 348 1368 'nunc
369 1326 423 1386 age
445 1307 539 1367 maior
560 1305 628 1366 ades
649 1303 792 1382 fratrique
814 1303 961 1364 simillime
982 1301 1065 1362 Leto.

262 1400 292 1452 te
314 1411 444 1470 quoque,
467 1391 608 1451 Phrixeae
630 1389 753 1468 pecudis
774 1388 914 1449 fidissime
937 1393 1046 1457 custos,
1258 1386 1280 1436 75

263 1484 380 1555 tempus
402 1476 437 1536 ab
460 1477 514 1535 hac
536 1475 639 1534 oculos
661 1475 778 1534 tandem
800 1474 955 1534 deflectere
976 1489 1056 1532 cura.

263 1580 352 1640 quem
372 1560 480 1620 metuis
501 1578 548 1620 me
570 1559 619 1618 bic
640 1565 735 1618 stante
757 1556 879 1619 dolum‘l
902 1557 1022 1618 servabo
1044 1571 1204 1634 parumper

263 1647 327 1726 ipsa
349 1663 472 1719 nemus;
495 1645 618 1724 longum
640 1644 751 1704 interea
773 1651 806 1704 tu
827 1663 906 1723 pone
928 1635 1075 1704 laborem.³

263 1731 312 1792 ille
334 1732 406 1792 haut
428 1730 529 1792 deolio
552 1729 703 1792 discedere
724 1730 821 1790 lessus
842 1728 879 1789 ab
901 1747 984 1802 auro,

263 1835 319 1878 nec
341 1817 410 1877 dare
432 1816 592 1896 permissae
615 1814 757 1894 (quamvis
778 1815 867 1890 iuvet)
890 1833 941 1874 ora
963 1812 1054 1892 quieti
1259 1813 1282 1863 8⁰

263 1901 404 1976 sustinet;
428 1920 461 1962 ac
482 1900 570 1980 primi
591 1918 751 1979 percussus
773 1899 853 1960 nube
875 1899 992 1978 soporis

263 1987 380 2046 horruit
402 1994 430 2046 et
452 1987 552 2047 dulces
575 1985 703 2046 excussit
724 2002 850 2065 corpore
872 2003 1002 2045 somnos.

264 2079 366 2132 contra
388 2071 534 2130 Tartareis
557 2070 673 2130 Colchis
695 2087 833 2148 spumare
855 2075 969 2130 venenis

264 2162 429 2234 cunctaque
451 2154 570 2216 hethaei
593 2173 731 2232 quassare
753 2153 869 2215 silentia
890 2154 964 2215 rami

263 2248 383 2320 perstat,
407 2248 437 2302 et
457 2241 577 2302 adverso
599 2240 742 2301 luctantia
761 2240 872 2300 lumina
897 2247 985 2300 cantu

264 2326 363 2387 obruit
383 2333 472 2405 atque
494 2344 612 2387 omnem
633 2325 794 2405 linguaque
815 2343 965 2404 manuque
986 2323 1086 2402 fatigat

263 2411 322 2472 vim
343 2412 489 2491 Stygiam,
512 2411 648 2472 ardentes
670 2411 765 2472 donec
787 2428 878 2489 sopor
899 2417 1025 2489 occupet
1046 2409 1114 2468 iras,

265 2497 381 2573 iamque
403 2495 478 2569 altae
500 2495 632 2556 cecidere
654 2496 750 2569 iubae,
773 2502 917 2574 nutatque
938 2503 1072 2556 coactum

264 2580 321 2640 iam
340 2587 430 2658 caput
449 2586 537 2657 atque
559 2579 665 2657 ingens
688 2587 768 2640 extra
790 2599 842 2641 sua
864 2581 971 2641 vellera
992 2578 1098 2652 cervix,

234 2703 236 2708 -
264 2682 320 2724 ceu
342 2664 471 2724 refluens
492 2663 589 2724 Padus
611 2671 661 2723 aut
682 2670 794 2742 septem
817 2665 966 2743 proiectus
988 2665 1019 2726 in
1043 2682 1144 2724 annues
1260 2664 1288 2712 90

263 2747 348 2810 Nilus
371 2755 399 2810 et
420 2748 596 2829 Hesperium
618 2747 738 2811 veniens
761 2748 889 2829 Alpheos
911 2750 1077 2824 inforbem.

263 2834 327 2915 ipsa
349 2843 438 2914 caput
458 2835 519 2897 cari
541 2843 697 2914 postquem
718 2834 819 2896 Medea
841 2835 977 2896 draconis

264 2919 334 2979 vidit
356 2920 448 2995 humi,
471 2920 544 2981 fusis
567 2920 678 2982 circum
701 2920 831 2999 proiecta
853 2921 969 2982 lacertis

264 3022 356 3082 seque
378 3021 525 3082 suumque
547 3004 636 3065 simul
657 3005 736 3066 flevit
758 3005 885 3066 crudelis
908 3005 1069 3066 alumnum.

261 3082 336 3148 ‘non
360 3107 415 3166 ego
437 3096 466 3147 te
488 3107 553 3149 sera
574 3088 661 3150 talem
683 3090 740 3151 sub
761 3098 848 3151 nocte
870 3090 1000 3152 videbam
1264 3095 1291 3145 95

264 3191 345 3233 sacra
366 3172 466 3234 terens
488 3173 650 3252 epulasque
671 3173 733 3250 tibi,
756 3194 812 3236 nec
834 3175 899 3237 talis
921 3176 1013 3236 hianti

264 3257 350 3317 mella
372 3258 475 3318 dabam
497 3276 530 3319 ac
553 3259 663 3320 nostris
686 3259 832 3322 nutribam
854 3261 909 3321 sida
931 3261 1062 3321 venenis.

264 3361 351 3420 quam
374 3343 491 3421 gravida
513 3363 595 3405 nunc
617 3344 694 3406 mole
716 3343 808 3406 iaces!
832 3364 920 3423 quam
942 3346 1041 3425 segnis
1064 3346 1188 3407 inertem

263 3428 349 3488 llatus
371 3427 472 3488 habeti
496 3448 551 3491 nec
573 3438 601 3490 te
623 3430 735 3505 saltent,
757 3430 933 3506 miserande,
955 3431 1083 3510 peremit

182 3579 483 3591 -—-·---—-..-.-—.

247 3664 288 3716 67.
306 3664 333 3712 ut
350 3679 378 3727 n,
396 3667 449 3713 tum
469 3662 525 3712 cod.
544 3679 607 3728 rega,
626 3679 684 3716 nam
702 3664 776 3725 Sch.;
795 3664 945 3718 discriminis
963 3666 1009 3718 ra.
1030 3665 1073 3721 W.
1092 3669 1172 3732 (406).

179 3731 219 3780 tr.
246 3729 310 3781 mels
338 3729 414 3782 tande
440 3747 477 3794 π,
500 3745 541 3782 me
567 3735 650 3783 stante
677 3733 710 3797 C,
733 3748 773 3784 mc
797 3733 838 3784 hic
865 3737 948 3786 stante
964 3733 1043 3800 ling„
1067 3751 1108 3786 me
1135 3735 1249 3786 adstante

180 3797 233 3859 He,
251 3797 391 3850 adserendo
410 3797 458 3850 Me.
478 3802 539 3858 tbdt.
608 3803 650 3854 81.
668 3804 694 3852 at
711 3806 799 3853 nereio
819 3806 884 3867 quie.
938 3805 977 3854 82.
996 3803 1028 3853 ab
1046 3803 1135 3854 arbore
1152 3821 1180 3869 n,
1197 3817 1248 3854 cor-

178 3873 241 3932 pore
259 3866 303 3915 He.
374 3869 414 3918 83.
433 3866 538 3918 venenis
557 3866 592 3929 M,
613 3882 661 3919 em.
676 3867 707 3918 V.
728 3885 766 3919 υυ.
785 3871 901 3922 88-125
922 3871 1017 3922 derunt
1033 3875 1061 3922 in
1080 3871 1113 3924 V.
