2764 4340
429 191 685 248 ARGONAVTIGON
703 195 796 250 LIBER
813 199 841 251 11.

146 368 212 428 iam
235 363 284 426 cui
306 363 465 426 candentes
486 365 581 427 votive
603 367 635 427 in
658 369 790 446 gramine
810 372 905 450 pascit

148 450 333 529 cornipedes
355 449 481 528 genitor,
505 459 623 513 nostrae
645 461 717 514 31313
740 455 817 516 dona
839 457 951 533 salutis,

147 539 252 599 adnue
274 553 391 614 meque,
414 553 530 614 precor,
553 537 724 618 defectaque
746 540 886 620 Pergama
907 545 1049 606 monstris

149 622 246 702 eripe,
271 638 399 699 namque
420 629 514 700 potes.
538 639 636 701 neque
659 625 738 686 enim
759 633 818 686 tam
840 627 896 688 1313
917 628 1049 692 videbam

149 716 285 789 pectora,
307 705 465 784 Neptunus
486 725 589 768 muros
610 726 679 769 eum
700 710 836 790 iungeret
857 713 952 788 astris,

151 812 211 854 nee
233 791 306 853 tales
328 809 448 852 umeros
470 791 698 872 pharetramque
719 795 838 874 gerebat
860 793 1000 876 Apollo?¹

152 885 275 940 auxerat
295 877 369 937 haec
390 875 475 939 locus
498 877 636 940 31133133
657 880 850 942 maestissima
872 885 949 963 eapti

152 962 251 1027 litoris
273 969 304 1024 et
323 961 429 1022 tumuli
452 962 634 1042 caelumque,
658 965 738 1043 quod
759 967 882 1028 incubat
902 969 979 1044 urbi,

151 1048 242 1129 quale
263 1046 424 1108 laborantis
445 1046 569 1110 Nemees
591 1048 647 1110 iter
668 1056 719 1110 aut
739 1050 912 1130 Erymanthi

150 1134 225 1196 vidit
247 1140 276 1194 et
296 1132 423 1193 infectae
444 1133 599 1194 miseratus
621 1135 743 1196 flumina
764 1135 886 1198 Lernae.

194 1218 252 1280 Dat
272 1217 378 1296 procul
401 1217 512 1278 interea
533 1218 652 1298 signum
675 1219 831 1298 Neptunus
854 1230 884 1282 et
905 1240 964 1282 una

150 1302 335 1366 monstriferi
356 1301 472 1380 mugire
494 1303 578 1365 sinus
600 1303 745 1383 Sigeaque
766 1306 858 1384 pestis
927 1315 932 1324 '

150 1389 353 1469 adglomerare
373 1387 492 1462 fretum,
516 1389 601 1450 cuius
622 1389 767 1452 stellantia
788 1390 889 1470 glauca

150 1475 266 1537 lumina
289 1473 368 1536 nube
389 1479 529 1547 tremunt,
551 1473 647 1552 adque
669 1475 773 1537 ordine
794 1495 882 1538 curm
904 1475 1043 1540 trisculco

150 1559 314 1622 fulmineus
337 1558 431 1636 quatit
452 1576 504 1618 ora
524 1558 633 1638 fragor,
656 1560 820 1640 pelagoque
842 1579 978 1623 remenso

150 1645 244 1708 cauda
267 1643 351 1717 redit,
374 1661 538 1722 passosque
560 1644 644 1705 sinus
667 1645 744 1725 rapit
765 1647 855 1709 ardua
878 1647 983 1708 cervix.

150 1731 231 1793 illam
253 1728 473 1792 incumbentem
494 1747 550 1808 per
569 1729 650 1789 mille
670 1729 819 1791 volumina
840 1739 950 1810 pontus
1020 1760 1023 1766 ·

150 1813 345 1897 prosequitur
365 1813 449 1874 lateri
471 1813 630 1888 adsultare,
652 1814 835 1894 trepidisque
857 1824 992 1877 ruentem

151 1900 290 1963 litoribus
312 1916 364 1960 sua
386 1898 466 1978 cogit
486 1899 611 1979 hiemps.
634 1917 696 1960 non
717 1899 856 1960 fluctibus
878 1899 981 1980 aequis

153 1985 282 2048 nubiferi
303 1984 383 2046 venit
404 1984 484 2046 unda
504 1983 583 2058 Noti,
606 2001 668 2046 non
691 1984 808 2046 Africus
830 1985 888 2046 alto

150 2078 250 2132 tantus
272 2076 338 2130 ovat
358 2069 521 2148 patriisque
542 2087 648 2132 manus
671 2087 739 2130 cum
761 2071 868 2150 plenus
891 2070 1015 2134 habenis

153 2156 246 2219 Orion
268 2154 415 2234 bipedum·
429 2155 500 2215 flatu
521 2173 602 2216 mare
623 2154 700 2215 tollit
721 2173 887 2233 equorum..

152 2259 219 2304 ecce
242 2240 347 2301 ducem
369 2238 492 2318 placitae
512 2239 599 2302 iuriis
621 2240 795 2300 crudescere
817 2258 934 2320 pugnae

153 2332 383 2405 surgentemque
405 2324 478 2386 toris
500 2331 600 2403 stupet
620 2324 837 2403 immanemque
859 2333 962 2403 paratu

154 2411 292 2475 Aeacides
315 2409 495 2490 pulsentque
517 2427 618 2488 graves
640 2415 674 2469 ut
694 2415 776 2488 terga
797 2410 960 2488 pharetrae.

154 2497 202 2560 1113
224 2503 337 2576 patrem
358 2494 514 2576 pelagique
536 2495 607 2555 deos
628 2513 741 2574 suaque
755 2513 834 2556 arma
855 2503 992 2574 precatus

154 2581 268 2644 insiluit
289 2579 423 2659 scopulo,
445 2585 619 2660 motumque
641 2600 657 2641 e
679 2579 798 2642 sedibus
820 2599 931 2660 aequor

156 2666 272 2729 horruit
293 2671 322 2726 et
343 2665 414 2726 celsi
436 2666 564 2744 spatiosa
584 2665 733 2726 volumina
754 2666 889 2726 monstri.

156 2752 250 2832 qualis
273 2751 324 2811 ubi
346 2769 363 2810 a
386 2750 473 2828 gelidi
495 2751 603 2811 Boreas
626 2750 807 2811 convallibus
830 2750 921 2810 Hebri

154 2839 267 2900 tollitur
289 2843 318 2896 et
338 2835 473 2896 volucres
495 2834 625 2914 Rhipaea
647 2834 811 2913 perardua
834 2835 929 2894 nubes

155 2921 327 3004 praecipitat
346 2920 443 2999 (piceo
465 2938 524 2980 nox
546 2926 609 2980 tum
631 2925 712 2980 tenet
733 2918 832 2979 ornnia
853 2919 962 2994 caelo):

155 3010 202 3070 illa
224 3006 313 3068 simul
334 3005 442 3066 molem
464 3004 631 3066 horrificam
653 3003 869 3083 scopulosaque
890 3011 972 3082 terga

154 3099 306 3174 promovet
327 3091 499 3169 ingentique
521 3089 625 3151 umbra
647 3089 740 3164 subit,
763 3089 922 3150 intremere
943 3089 993 3149 lde

156 3178 298 3257 inlidique
320 3176 390 3236 ratis
411 3193 582 3256 pronaeque
604 3193 759 3254 resurgere
781 3182 888 3235 turres.

156 3270 280 3342 occupat
301 3260 417 3322 Alcides
440 3279 540 3322 arcum
562 3268 682 3340 totaque
703 3261 857 3339 pharetrae

156 3349 234 3410 nube
256 3345 373 3428 premit.
417 3365 478 3409 nou
500 3347 549 3408 illa
569 3346 663 3424 magis
684 3363 772 3424 quam
794 3345 862 3405 sede
883 3350 1017 3403 movetur

156 3452 279 3514 magnus
301 3432 388 3510 Eryx,
411 3432 526 3493 deferre
548 3432 638 3493 velint
659 3448 748 3510 quem
769 3421 892 3490 vallibus
914 3428 1032 3490 imbres.

141 3654 195 3724 les.
213 3666 282 3734 capti
300 3681 378 3731 corr,
395 3666 462 3718 vasti
476 3666 521 3718 He.
591 3668 649 3719 502.
668 3679 811 3732 passusque
828 3663 885 3716 sinu
903 3679 932 3728 n,
949 3677 1091 3729 passosque
1109 3665 1142 3714 si-

81 3751 124 3790 nus
141 3737 165 3790 G.
231 3739 290 3788 507.
308 3735 447 3802 patriisve?
522 3737 581 3786 511.
599 3733 706 3788 necdum
724 3749 752 3798 π,
770 3748 820 3784 nox
838 3732 898 3783 dum
915 3729 967 3797 113.
986 3733 1072 3796 (386),
1091 3747 1141 3783 nox

83 3809 130 3858 tunt
149 3805 192 3858 rt.
261 3803 411 3857 52313333
429 3807 630 3865 3313333333,Ι
659 3803 832 3869 temptabam:
857 3813 982 3867 proraque
1008 3815 1139 3867 resurgere

83 3877 157 3928 tunsa.
