2780 4350
419 235 674 292 Arcentvrtcolt
691 239 786 292 LIBER
803 239 856 292 Vll.

149 389 312 474 protinus?
334 394 398 473 ipsa
421 393 516 469 etiam,
539 395 642 469 fateor,
665 402 737 456 tunc
758 395 821 475 ipsa
845 394 984 458 volebam.

149 483 242 540 testor
265 475 428 554 cerateas,
453 478 536 540 Circe
558 479 681 553 Titania,
704 497 800 556 voces,

149 572 178 625 te
201 563 326 625 ducente
349 581 467 642 sequor,
489 572 540 624 tua
561 582 608 624 me
631 564 793 642 grandaeva
813 564 937 643 fatigant

150 647 273 710 consilia
296 655 325 709 et
346 648 466 709 monitis
489 648 561 709 cedo
582 644 700 709 minor.'
745 649 817 710 haec
838 649 890 710 uhi
911 650 980 724 lata,

149 751 254 794 rursus
277 733 313 794 ad
327 731 482 794 Haemonii
504 732 617 794 iuvenis
640 751 800 813 curamque
821 741 992 813 metumque

148 818 287 891 vertitur;
310 818 391 878 hunc
413 817 509 878 solum
532 825 655 897 propter
677 835 729 879 seu
750 818 847 880 rivere
870 820 1011 898 gaudens,

148 902 208 964 sire
229 902 314 978 mori,
338 903 544 981 quodcumque
565 903 643 978 velit,
666 902 777 965 maiora
799 909 939 983 precatur

149 987 288 1061 carmina,
310 987 436 1048 maiores
459 985 587 1048 Hecaten
609 987 758 1049 inmittere
780 989 856 1050 vires

149 1091 231 1134 nunc
253 1071 318 1147 sihi,
341 1089 397 1132 nec
418 1071 497 1132 notis
519 1072 613 1133 stabat
634 1079 773 1134 contenta
794 1073 925 1134 venenis.

149 1155 279 1236 cingitur
300 1156 369 1216 inde
391 1155 485 1230 sinus,
508 1163 537 1218 et
558 1175 616 1235 qua
638 1156 694 1218 sihi
716 1158 772 1218 fida
793 1157 886 1236 magis
906 1157 950 1218 vis

148 1241 239 1317 nulla,
262 1240 452 1302 Prometheae
473 1241 577 1302 dorem
600 1243 635 1303 de
658 1241 803 1321 sanguine
827 1242 917 1302 librae

150 1325 328 1388 Caucaseum
350 1326 460 1405 promit
480 1327 649 1406 nutritaque
672 1326 803 1406 gramina
824 1325 928 1399 ventis,

150 1429 225 1489 quae
247 1429 329 1472 sacer
351 1410 400 1472 ille
422 1410 504 1472 nives
526 1411 605 1472 inter
626 1410 784 1490 tristesque
805 1409 929 1490 pruinas

150 1495 236 1556 durat
258 1495 375 1573 editque
397 1513 496 1571 cruor,
519 1515 588 1557 cum
609 1496 720 1558 viscere
742 1495 842 1556 vultur
862 1495 949 1556 adeso

149 1579 263 1640 tollitur
285 1597 302 1640 e
323 1580 454 1659 scopulis
477 1587 506 1640 et
526 1588 624 1641 rostro
646 1582 759 1642 inrorat
780 1587 905 1660 aperto..

149 1664 228 1725 idem
250 1682 306 1725 nec
327 1663 409 1742 longi
430 1665 594 1742 languescit
615 1665 724 1726 finibus
746 1665 808 1726 aeri

150 1748 306 1810 inmortale
327 1749 436 1820 virens
459 1747 536 1810 idern
558 1755 615 1809 stat
636 1749 759 1810 fulmina
782 1754 885 1808 contra

148 1833 269 1912 sanguis
292 1840 321 1894 et
342 1832 373 1893 in
396 1831 500 1894 mediis
521 1833 684 1894 florescunt
706 1832 824 1911 ignibus
846 1830 964 1892 herbae.

148 1917 243 1997 prima
264 1917 373 1980 Hecate
396 1916 504 1996 Stygiis
527 1916 660 1978 duratam
680 1916 813 1978 fontibus
834 1916 947 1994 harpen

148 2001 248 2063 intuht
269 2009 299 2064 et
319 2001 427 2063 validas
449 2001 579 2081 scopulis
601 2001 702 2062 effodit
716 2001 839 2075 aristas;

148 2105 217 2148 mox
237 2087 362 2149 famulae
382 2094 546 2149 monstrata
567 2105 661 2166 seges,
684 2105 760 2166 quae
781 2084 915 2164 lampade
936 2081 1069 2144 Phoebes

148 2170 204 2232 snb
227 2171 339 2232 decima
361 2171 429 2250 iuga
451 2172 508 2232 leta
530 2170 614 2232 metit
635 2171 784 2250 saevitque
806 2188 860 2250 per
882 2187 986 2230 omnes

148 2255 299 2332 relliquias
321 2254 493 2332 saniemque
515 2255 578 2327 dei;
601 2256 692 2333 gemit
712 2255 819 2315 inritus
841 2253 890 2316 ille

149 2337 306 2400 Colchidos
328 2356 380 2398 ora
400 2343 504 2411 tuens;
527 2344 589 2398 toto
611 2346 684 2399 tunc
706 2338 853 2400 contrahit
873 2345 954 2399 artus

148 2430 250 2484 monte
273 2421 358 2482 dolor
378 2429 561 2500 cunctaeque
582 2430 713 2484 tremunt
733 2422 789 2484 suh
811 2423 885 2484 lalce
904 2430 1034 2484 catenae.

193 2504 313 2568 Talibus
336 2505 437 2568 infehrr
459 2514 563 2567 contra
584 2525 637 2568 sua
659 2525 750 2586 regna
771 2506 892 2569 venenis

148 2591 283 2652 induitur
304 2591 444 2669 noctique
466 2599 597 2652 tremens
619 2592 746 2654 insertur
767 2611 884 2671 opacae.

150 2676 198 2737 dat
219 2676 349 2737 dextram
370 2693 531 2755 vocemque
553 2676 653 2738 Venus
673 2676 848 2755 blandisque
869 2681 1023 2755 parentem

150 2759 295 2838 adloquiis
318 2761 480 2838 iunctoque
501 2760 591 2820 trahit
612 2779 667 2840 per
687 2761 804 2821 moenia
826 2776 924 2838 passu.

149 2844 244 2923 qualis
266 2845 362 2926 adhuc
383 2853 502 2906 teneros
525 2862 697 2924 supremum
720 2843 825 2923 pallida
846 2843 924 2902 letus

148 2935 242 2990 mater
263 2928 299 2990 ah
321 2929 437 2990 excelso
459 2929 599 3008 produxit
620 2929 651 2989 in
673 2946 739 3010 aera
760 2923 830 2988 'nido

148 3014 342 3092 hortaturque
364 3012 448 3091 sequi
469 3010 666 3092 brevibusque
688 3013 843 3092 insurgere
864 3009 975 3091 pinnis,

148 3097 215 3158 illos
237 3097 364 3159 caerulei
385 3097 500 3176 primus
521 3097 591 3158 ierit
611 3099 719 3159 horror
742 3096 869 3177 Olympi,

150 3182 268 3265 iamque
289 3182 386 3244 redire
408 3191 513 3262 rogant
535 3183 712 3262 adsuetaque
734 3181 889 3261 quaeritur
910 3178 1015 3253 arhor;

147 3266 227 3328 haud
249 3266 334 3328 aliter
355 3284 457 3329 caecae
478 3286 534 3347 per
554 3269 669 3330 moenia
691 3267 788 3330 delicit
808 3266 891 3328 urbis

147 3350 290 3414 incedens
311 3351 472 3430 horretque
494 3353 596 3414 domos
617 3353 719 3414 Medea
740 3352 869 3413 silentes.

38 3464 58 3492 ι.
148 3435 198 3497 hic
220 3435 328 3498 iterum
350 3444 495 3499 extremae
518 3437 697 3516 nequiquam
720 3436 751 3498 in
773 3436 874 3498 limine
895 3439 998 3514 portae

133 3619 191 3670 351.
210 3632 238 3668 se
256 3617 293 3681 M,
311 3633 357 3670 seu
374 3619 420 3671 He.
481 3621 538 3673 357.
557 3620 629 3687 ponti
646 3617 684 3683 M,
702 3620 786 3672 ventis
804 3619 852 3670 Ha.
872 3618 922 3684 dv,
942 3616 1008 3677 153).
1078 3611 1136 3662 359·

65 3681 139 3737 durat
158 3701 241 3747 eorm
261 3689 435 3754 tetraptotam:
454 3686 542 3739 condit
559 3687 675 3754 editque3
690 3688 736 3741 Ha.
756 3688 846 3740 educat
864 3687 942 3739 imbre
954 3697 1027 3737 cruor
1079 3679 1136 3729 369.

65 3805 133 3856 totos
152 3803 190 3870 V,
216 3807 272 3858 toto
290 3802 326 3857 Μ.
405 3807 463 3858 373.
489 3805 626 3873 blandique
647 3820 745 3872 pavens
761 3821 851 3860 vocem
873 3817 955 3856 venus
973 3761 1095 3870 quous-oa
1111 3821 1140 3873 π,

63 3886 205 3940 vocemque
222 3872 309 3926 Venus
326 3872 476 3941 blandisque
493 3879 628 3940 paventem
648 3873 674 3926 0.
