2764 4340
438 217 694 272 rnoeunrucou
712 181 805 272 naun
822 219 840 272 r.

182 401 265 456 scuta
285 393 391 466 virum,
415 392 510 452 donec
531 391 588 452 iam
611 391 718 452 celsior
738 391 843 454 arbore
866 398 988 472 pontus

181 480 396 555 inmensusque
418 484 509 536 ratem
532 476 734 555 spectantibus
756 477 877 538 abstulit
898 495 957 538 aer.

181 631 184 644 ,
268 563 388 625 Siderea
410 570 483 622 tune
504 579 572 622 arce
595 569 678 640 pater
699 561 898 640 pulcherrima
922 562 1042 624 Graium

183 655 286 729 coepta
309 656 397 708 tuens
418 653 588 724 tantamque
609 645 709 725 operis
731 665 912 726 consurgere
933 649 1042 708 molem

181 735 323 807 laetatum
346 731 433 812 patrii
456 731 654 808 nequeenim
677 731 783 811 prohat
804 732 861 793 otia
882 733 978 810 regni.

183 837 243 888 una
266 836 369 878 omnes
392 816 521 895 gaudent
542 816 644 894 superi
665 824 848 896 venturaque
869 817 980 878 mundo

183 913 316 983 tempora
338 919 473 979 quaeque
495 900 556 960 vias
578 909 706 962 cernunt
727 901 783 962 sibi
807 921 940 963 crescere
961 901 1077 966 Parcae.

184 988 236 1050 sed
258 1007 319 1048 nou
342 994 371 1048 et
392 985 521 1065 Scythici
543 985 660 1064 genitor
680 986 850 1048 discrimine
872 987 931 1048 nati

184 1072 350 1152 intrepidus
372 1071 445 1131 tales
466 1070 563 1130 iamdit
584 1070 635 1131 Sol
657 1079 777 1150 pectore
799 1090 901 1133 voces:

184 1162 309 1220 ‘summe
331 1163 420 1230 sator,
443 1155 491 1216 cui
513 1163 613 1216 nostra
635 1155 697 1216 dies
718 1157 902 1217 volventibus
924 1155 1010 1216 annis

183 1250 228 1304 tot
250 1241 363 1322 peragit
384 1240 537 1318 reficitque
558 1240 646 1315 vices,
668 1248 758 1302 tuane
780 1241 835 1302 ista
856 1237 1015 1302 voluntas?

186 1327 332 1405 Graiaque
354 1344 436 1388 nunc
458 1325 547 1386 undis
569 1326 644 1386 duce
665 1333 694 1387 te
716 1334 852 1404 nutuque
874 1325 1005 1387 secundo

186 1413 209 1473 it
229 1409 323 1473 ratis?
346 1430 383 1471 an
405 1410 526 1474 meritos
548 1411 591 1471 las
614 1418 658 1472 est
678 1411 751 1472 mihi
772 1428 911 1490 rumpere
933 1407 1080 1488 questus?

184 1497 243 1558 hoc
264 1504 400 1557 metuens
423 1503 452 1555 et
474 1513 571 1573 nequa
592 1495 669 1556 soret
689 1515 795 1557 manus
817 1496 913 1556 invida
935 1502 1013 1568 nato,

186 1601 247 1643 non
269 1580 382 1642 mediae
403 1579 516 1640 telluris
538 1598 620 1659 opes,
643 1600 704 1642 non
725 1569 851 1660 inprohe
872 1580 930 1660 legi

186 1666 283 1728 divitis
304 1684 371 1726 arva
392 1665 495 1745 plagae
517 1667 650 1740 (teneant
671 1665 818 1726 uberrima
840 1666 956 1727 Teucer

187 1760 215 1812 et
237 1750 326 1830 Libys
349 1758 378 1811 et
399 1749 487 1810 vestri
509 1749 628 1829 Pelopis
650 1751 783 1828 domuel:
806 1751 925 1811 horrida
947 1767 1032 1810 saevo

189 1855 263 1916 quoe
286 1835 398 1915 premis
420 1853 486 1895 arva
509 1835 575 1914 gelu
598 1835 776 1914 strictosque
798 1834 961 1896 insedimus
983 1851 1093 1894 amnes.

188 1923 305 1982 eederet
326 1920 372 1980 his
395 1919 482 1980 etiam
504 1927 533 1980 et
555 1939 620 1980 sese
641 1920 706 1981 sine
727 1921 841 1981 honore
863 1919 989 1980 referret

186 2005 321 2079 ulterius,
344 2005 395 2065 sed
418 2004 497 2065 nube
518 2005 618 2084 rigens
639 2023 673 2065 ac
695 2005 794 2066 nescia
815 2004 897 2066 ueris

188 2098 245 2152 stat
265 2109 357 2169 super
378 2096 407 2149 et
428 2097 546 2150 nostros
567 2089 624 2151 iam
646 2109 720 2151 zona
742 2090 909 2152 reverberat
930 2088 1023 2168 ignes,

188 2175 259 2254 quid
281 2175 363 2254 regio
386 2174 523 2248 inmanis,
546 2174 618 2252 quid
640 2175 781 2236 barbarus
802 2175 939 2236 amnibus
961 2173 1029 2233 ullis

188 2259 292 2322 Phasis
313 2268 342 2322 et
363 2259 471 2320 aversis
491 2259 591 2338 proles
612 2279 677 2320 mea
699 2260 836 2338 gentibus
858 2256 975 2320 obstat-t
1088 2291 1091 2300 =

189 2345 261 2425 quid
282 2343 396 2423 Minyae
418 2362 553 2404 meruere
575 2341 682 2422 queri?
705 2363 777 2404 num
799 2344 906 2406 vellere
928 2342 1016 2402 Graio
1100 2383 1102 2388 -

187 2431 215 2490 ri
237 2426 372 2509 potitur?
394 2429 522 2508 prolugo
544 2429 617 2507 quin
639 2429 756 2508 agmina
778 2430 901 2508 iungere
922 2426 1031 2489 Phrixo

189 2513 293 2576 abnuit
314 2513 401 2574 Inoas
423 2514 503 2574 ultor
523 2533 579 2576 nee
600 2515 681 2575 venit
702 2514 738 2576 ad
759 2533 833 2590 aras,

190 2598 307 2679 imperii
329 2599 381 2660 sed
402 2607 485 2678 parte
506 2599 602 2660 virum
624 2608 768 2678 nataeque
789 2608 921 2660 moratus

191 2683 331 2762 coniugio
353 2683 430 2744 videt
452 2702 468 2744 e
491 2683 577 2746 Graia
599 2703 681 2746 nune
703 2685 795 2764 stirpe
817 2693 942 2764 nepotes

191 2777 219 2830 et
241 2786 351 2847 genero
374 2777 457 2830 vocat
477 2769 530 2829 has
551 2770 666 2830 iunctas
688 2769 743 2830 sibi
765 2771 910 2847 sanguine
931 2777 1032 2828 terras.

189 2855 275 2914 ssecte
296 2861 389 2914 retem
409 2861 577 2932 motusque,
599 2861 691 2932 pater,
714 2873 770 2914 nec
790 2854 913 2914 vulnere
934 2859 1036 2913 nostro

191 2956 319 3017 aequora
341 2939 437 3017 pande
459 2938 544 2999 viris:
567 2939 673 2999 veteris
695 2946 739 2998 sat
761 2938 878 3000 conscia
899 2938 997 2998 luctus

191 3023 261 3084 silve
283 3022 354 3083 Padi
376 3031 405 3084 et
426 3023 487 3084 viso
510 3024 615 3084 flentes
637 3024 771 3102 genitore
793 3023 930 3084 sorores!

191 3107 327 3169 adfremit
348 3107 394 3168 his
416 3115 594 3186 quassatque
617 3116 705 3188 ceput
727 3109 778 3188 qui
800 3109 906 3170 vellera
929 3107 1007 3168 dono
1077 3133 1080 3140 ·

190 3193 367 3272 bellipotens
390 3192 445 3253 sibi
467 3195 523 3254 lixa
544 3193 622 3254 videt
642 3191 851 3273 temptataque,
873 3200 976 3254 contre

190 3277 286 3338 Pallas
308 3284 339 3338 et
359 3277 512 3339 amborum
535 3279 646 3357 gemuit
667 3279 803 3340 Saturnia
824 3285 956 3358 questus.
1179 3275 1227 3326 530

277 3362 354 3422 Tum
377 3363 493 3440 genitor
515 3367 622 3424 ‘vetere
643 3364 716 3425 haee
737 3363 824 3424 nobis
847 3371 876 3424 et
897 3361 1014 3423 condita
1028 3364 1158 3439 pergunt

193 3447 297 3508 ordine
321 3455 426 3508 cuncta
450 3467 504 3508 suo
526 3466 686 3528 rerumque
708 3467 724 3509 a
746 3448 882 3529 principe
904 3465 993 3508 cursu

177 3615 235 3666 508.
253 3617 279 3664 et
296 3631 324 3674 π,
344 3618 383 3666 est
400 3613 459 3668 RB.
529 3617 586 3668 515.
604 3632 693 3683 regum
712 3615 835 3680 V‚remm
853 3615 910 3678 MP,
928 3614 995 3666 veris
1013 3612 1090 3664 Selrr.
1125 3585 1199 3661 516(

99 3681 227 3760 uostris.
252 3719 258 3733 .
283 3687 472 3762 ,perueruerat
497 3699 525 3745 π,
543 3688 645 3736 nostros
752 3686 898 3738 reverberat
921 3680 979 3734 RB.
1024 3709 1029 3758 .'
1055 3679 1117 3733 518.
1139 3675 1183 3728 ad-

97 3749 695 3875 auserreustrtttttttrt,1
724 3746 1049 3873 thtttdlattt
1067 3746 1113 3866 il.
1132 3760 1210 3868 op

97 3901 168 3940 nero
186 3889 263 3938 vocat
279 3835 325 3938 hah
342 3887 441 3940 iunctas
458 3884 520 3941 Sel.
697 3861 703 3887 ’
721 3837 738 3888 g
1115 3851 1122 3878 ’
1141 3833 1158 3884 g
