2764 4340
120 180 154 232 vl
430 181 437 195 '
583 175 777 232 PRAEFATIO.

207 333 274 414 Rep.
299 335 391 395 codex
412 334 521 412 regius,
545 333 654 394 saeculi
675 333 735 407 XV,
758 333 794 400 ah
816 333 938 396 Heinsio
960 329 1107 396 adhibitus

204 441 232 482 π
255 419 371 480 codices
392 426 443 479 aut
464 437 567 479 omnes
589 425 639 479 aut
659 419 803 498 plerique.

204 504 356 568 Editiones
377 512 499 579 veteres,
522 522 598 582 quae
624 503 693 564 inde
714 503 750 564 ab
773 523 851 564 anno
873 505 1127 568 MCCCCLXXllll
1150 523 1246 583 usque

120 591 156 651 ad
177 607 290 652 annum
311 589 460 650 uuxxlu
482 588 667 668 prodierunt,
691 589 737 650 his
758 589 864 652 litteris
885 589 1026 652 indicavi:

204 676 229 738 B
251 683 295 736 est
317 674 405 736 editio
427 673 624 736 Bononiensis
646 674 740 752 prima
762 693 788 734 a.
811 674 1067 737 MCCCCLXXIIII

204 760 241 827 Bo
267 759 355 820 editio
377 759 575 821 Bononiensis
598 760 687 820 altera
709 778 734 820 a.
757 759 1064 822 Mocochxxxtlll

207 845 232 906 0
254 843 343 906 editio
365 843 497 905 Parisina
518 863 543 906 a.
567 844 620 906 MD

204 931 245 992 ed.
273 928 338 990 Vere.
363 929 451 990 editio
474 929 583 991 Veneta
605 948 630 990 3.
653 929 721 990 111111

203 1013 233 1074 J.
257 1015 346 1076 editio
368 1014 490 1076 Juntina
510 1014 600 1076 altera
622 1034 647 1076 a.
670 1014 803 1076 MDXVll

205 1099 264 1160 Mo.
289 1099 376 1160 editio
398 1098 539 1174 Parisino,
564 1119 652 1179 quam
674 1102 744 1178 Aeg.
768 1100 900 1162 Maserus
923 1100 1034 1162 curavit
1062 1119 1088 1161 a.
1111 1100 1244 1164 uuxvll

204 1184 250 1246 Pi.
282 1183 371 1244 editio
393 1184 592 1246 Bononiensis
614 1185 708 1246 tertia.
754 1185 784 1246 C.
808 1185 903 1246 Valeri
924 1185 1020 1248 Flacci
1043 1188 1245 1249 commentarii

119 1267 172 1330 Pio
194 1269 376 1330 Bononiensi
399 1279 529 1343 auctore,
553 1287 579 1330 a.
602 1270 763 1331 MDXVllll

203 1353 227 1414 A
250 1353 337 1414 editio
361 1354 464 1415 Aldina
487 1373 512 1415 a.
534 1354 693 1416 Muxxfll.

203 1438 323 1499 Praeter
346 1457 378 1499 ea
406 1438 479 1500 haec
502 1439 587 1500 etiarn
610 1439 683 1518 sigla
704 1447 775 1500 sunt
797 1440 938 1500 notanda:

204 1546 230 1608 φ
254 1523 394 1584 Italorum
416 1524 636 1586 emendationes
659 1543 675 1586 a
696 1524 749 1585 Pio
773 1533 1016 1586 commemoratae

203 1631 223 1686 χ
250 1627 353 1687 margo
388 1608 563 1688 exemplaris
592 1609 790 1670 Bononiensis
818 1609 955 1684 alterius,
992 1610 1023 1670 in
1052 1628 1111 1688 quo
1140 1629 1247 1672 manus

121 1693 263 1771 quaedam
293 1694 377 1755 docta
406 1693 591 1755 coniecturas
620 1693 733 1774 aliquot
753 1695 874 1768 adiecit;
905 1695 970 1756 vide
991 1712 1068 1773 quae
1089 1694 1124 1755 de
1147 1713 1246 1758 exem-

120 1777 196 1858 plari
218 1776 285 1852 illo,
311 1779 391 1856 quod
413 1777 483 1840 olim
505 1779 602 1840 luerat
623 1780 769 1855 Ernestii,
798 1779 949 1842 Harlesius
972 1779 1108 1860 exposuit
1129 1780 1160 1840 in
1183 1780 1245 1842 edi·

119 1863 200 1924 tione
222 1882 275 1923 sua
297 1864 762 1944 Argonauticorum(Altenburgi
776 1865 1005 1939 MDCCLXXXI,
1027 1885 1058 1944 p.
1078 1864 1143 1925 Vlll
1166 1867 1247 1944 sqq.)
1370 1943 1377 1952 ἱ

205 1958 235 2028 ψ
256 1966 359 2026 margo
381 1949 555 2027 exemplaris
577 1949 775 2010 Bononiensis
798 1950 910 2027 primae
937 1950 968 2009 in
991 1948 1166 2010 bibliotheca
1188 1970 1246 2029 pu·

120 2032 196 2092 blica
217 2031 389 2092 Florentius
418 2032 468 2106 (B,
492 2035 521 2105 2,
556 2035 619 2106 15),
643 2033 673 2094 33
703 2051 762 2111 quo
784 2051 874 2096 manu
896 2034 1025 2094 Thomae
1047 2033 1172 2095 Phaedri
1195 2037 1248 2097 ad-

121 2117 248 2196 scriptae
269 2124 340 2176 sunt
362 2117 590 2178 emendationes

204 2201 237 2261 ln
261 2200 439 2262 editionibus
468 2201 596 2280 denique
618 2165 833 2263 recentioribus
855 2202 900 2264 331
921 2203 1074 2264 hominum
1090 2203 1247 2266 doctorum

119 2285 241 2360 libellis,
272 2304 399 2382 quorum
429 2287 617 2350 coniecturae
644 2294 695 2347 aut
721 2295 857 2366 receptae
887 2296 958 2350 sunt
984 2298 1035 2350 aut
1060 2288 1248 2366 frequentius

119 2379 362 2433 commemoratae
377 2371 408 2430 in
431 2371 627 2447 adnotatione,
651 2372 850 2450 significandis
873 2373 919 2434 his
942 2392 1014 2434 usus
1035 2392 1102 2435 sum
1124 2373 1246 2436 litteris:

204 2456 256 2516 Ba.
280 2455 432 2516 Laurentii
453 2455 535 2518 Balbi
558 2457 824 2518 animadversiones
846 2457 877 2518 in
900 2457 1028 2519 editione
1044 2459 1246 2537 Complutensi

203 2623 301 2684 barth.
369 2623 503 2703 Casparis
546 2623 659 2684 Barthii
703 2625 874 2688 Adversaria
910 2627 1098 2688 Francolurti
1140 2646 1167 2688 a.
1205 2629 1244 2692 Μ.

118 2707 303 2771 MDCXXllll

204 2793 251 2854 Be.
275 2792 504 2856 Emendationes
532 2793 650 2856 Ricardi
680 2795 809 2869 Bentlei,
840 2797 994 2858 3133313
1022 2799 1102 2859 acad
1125 2798 1246 2860 Boruss.

118 2876 316 2952 MDCCCLXI,
339 2897 368 2957 p.
393 2883 455 2942 544
477 2898 542 2958 sqq.

205 2962 253 3022 Br.
279 2924 506 3024 Observationes
535 2963 652 3024 criticae
681 2972 710 3025 et
732 2973 834 3042 exeget
834 2966 896 3027 icae
924 2966 956 3027 in
980 2966 1011 3028 C.
1034 2967 1094 3026 Val.
1117 2967 1149 3026 F.
1174 2969 1244 3046 Arg.

121 3065 178 3108 333.
201 3046 356 3126 Philippus
378 3049 477 3116 Braun
510 3048 671 3128 (Marburgi
692 3049 959 3126 MBCCCLXVIIII)

205 3131 268 3192 Bul.
294 3131 498 3211 Christophori
513 3133 613 3193 Bulaei
636 3133 667 3194 in
690 3134 751 3194 Val.
774 3135 806 3194 F.
829 3136 1038 3197 schediasmate
1060 3135 1091 3196 in
1113 3135 1243 3200 editione

122 3216 398 3294 Argonauticorum,
422 3235 509 3295 quam
532 3217 642 3278 curavit
662 3218 765 3298 Lamp.
789 3220 913 3281 Alardus
934 3219 1051 3298 lipsiae
1063 3221 1243 3298 (MBCXXX)

203 3300 388 3364 Recedite
410 3302 489 3364 Petri
510 3303 674 3368 Burmanni
697 3303 815 3379 (Leidae
836 3304 1040 3379 duccxruv)

206 3385 256 3446 Co.
287 3385 374 3446 editio
396 3386 537 3449 Ludoviei
561 3387 709 3450 Carrionis
731 3389 906 3469 dntverpiae
928 3390 1074 3464 MBLXV;
1103 3390 1158 3458 Coa
1184 3391 1245 3452 edi·

121 3468 161 3528 tio
186 3469 275 3530 altera
299 3470 448 3532 Carrionis
471 3473 645 3551 dntverpiae
667 3473 810 3534 MDLXVI

204 3553 275 3633 Epa.
298 3554 445 3634 Baptistae
466 3556 583 3635 Egnatii
605 3559 833 3635 racemationcs,
857 3559 999 3622 3131333
1021 3559 1096 3620 Grut
1083 3559 1139 3620 teri
1161 3559 1247 3622 Lam·

121 3657 183 3718 pse,
207 3638 264 3699 331.
287 3639 309 3713 1,
332 3659 362 3719 p.
386 3642 448 3705 318
471 3659 537 3720 sqq.

203 3723 256 3802 ry.
278 3724 427 3785 Francisoi
450 3725 671 3804 Eyssenhardtii
703 3729 921 3792 emendationes
943 3729 1112 3792 Valerianae
1142 3730 1246 3806 (musei

119 3806 257 3868 Rhenani
278 3809 334 3869 vol.
358 3809 529 3885 Χ1111,378
553 3813 629 3889 sqq.)
