2764 4340
562 175 589 228 G.
606 173 724 228 vatum
740 176 852 230 Flacci

260 350 290 404 at
312 345 386 408 luno
410 347 560 427 Argolicas
582 346 692 426 pariter
712 348 917 431 Macetumque
938 371 993 432 par
1013 353 1103 416 urbes

262 431 375 511 spargit
396 432 565 513 inexpertos
587 439 730 512 temptare
751 437 924 516 parentibus
945 436 1061 500 austrds

262 514 447 594 Aesoniden,
470 519 527 581 iam
549 526 625 580 stare
647 527 739 581 ratem
760 521 910 602 remisque
932 524 1090 604 superbam

262 619 386 680 poscere
408 622 484 682 quos
505 606 623 668 revehat
643 604 791 685 rebusque
814 607 845 667 in
868 608 984 670 saecula
1005 610 1096 670 tollat.

349 689 453 752 Omnis
476 691 537 752 obit
559 705 633 770 quae
655 689 712 751 iam
733 691 818 754 bellis
839 701 1027 774 spectataque
1047 695 1124 756 fama

263 773 349 834 turba
371 776 490 852 ducum,
513 777 624 858 primae
646 795 699 837 seu
722 795 797 856 quos
820 778 851 838 in
873 779 946 840 licre
968 780 1104 842 iuventae

264 865 473 939 temptamenta
495 869 598 924 tenent
619 863 746 923 necdum
768 865 832 924 data
855 865 939 945 copia
960 882 1070 927 rerum.

264 951 293 1004 at
315 946 423 1024 quibus
445 966 582 1009 arvorum
604 947 794 1028 studiumque
816 949 943 1011 insontis
965 951 1063 1025 aratri,

263 1028 319 1091 hos
342 1032 493 1095 stimulant
514 1051 680 1113 magnaque
701 1042 793 1096 ratem
815 1053 869 1114 per
891 1034 984 1096 lustra
1005 1035 1126 1115 viasque

263 1114 317 1176 visi
340 1117 424 1179 laude
447 1127 558 1181 canunt
579 1119 732 1180 manifesto
755 1121 786 1180 in
808 1121 921 1182 lumine
942 1121 1036 1182 Fauni

264 1200 462 1283 silvammque
484 1205 554 1267 deae
576 1213 664 1283 atque
687 1205 769 1266 elatis
792 1200 933 1266 cornibus
955 1208 1076 1268 Amnes.

350 1289 490 1350 Protinus
511 1290 638 1352 Inachiis
660 1290 739 1350 ultro
762 1291 934 1369 Tirynthius
957 1291 1043 1370 Argis

265 1372 387 1449 advolat,
411 1374 534 1436 Arcadio
557 1375 642 1436 cuius
663 1375 808 1436 ilanunata
829 1393 943 1435 veneno

265 1457 322 1519 tela
344 1476 420 1538 puer
440 1459 600 1538 facilesque
621 1460 732 1520 umeris
755 1459 950 1539 gaudentibus
972 1477 1058 1520 arcus

266 1551 359 1623 gestat
379 1543 483 1623 Hylas:
506 1545 575 1606 velit
595 1545 645 1605 ille
666 1545 794 1623 quidem,
818 1545 869 1606 sed
891 1545 1008 1606 dextera
1030 1543 1162 1605 nondum
1257 1551 1305 1600 110

264 1647 319 1709 par
340 1629 424 1690 oneri
447 1629 604 1710 clavaeque
626 1647 726 1710 capax.
774 1649 850 1710 quos
872 1630 980 1691 talibus
1006 1648 1107 1692 amens

266 1715 433 1795 insequitur
454 1714 618 1796 solitosque
640 1724 726 1777 novat
748 1717 886 1778 Saturnia
908 1723 1048 1794 questus:

263 1793 294 1860 ‘o
317 1799 429 1861 utinam
450 1801 554 1863 Graiae
576 1810 676 1863 rueret
697 1821 758 1863 non
781 1820 868 1863 omne
890 1801 1024 1863 iuventae

266 1886 296 1946 in
320 1904 394 1946 nova
415 1887 473 1947 fata
495 1887 593 1961 decus,
617 1888 770 1967 nostrique
793 1887 975 1966 Eurystheos
996 1887 1068 1947 haec
1090 1903 1171 1945 nunc

265 1971 345 2031 iussa
366 1971 479 2031 forentl
503 1971 627 2032 imbrem
650 1981 678 2033 et
699 1972 834 2033 tenebras
857 1989 1034 2049 saevumque
1056 1969 1210 2030 tridentem
1256 1981 1301 2031 115

266 2055 325 2115 iam
347 2055 404 2114 iam
427 2074 481 2134 ego
504 2063 533 2116 et
554 2056 637 2118 inviti
659 2059 811 2118 torsissem
835 2056 970 2134 coniugis
992 2057 1101 2138 ignem.

267 2158 349 2200 nunc
371 2157 491 2219 quoque
514 2160 569 2202 nec
591 2142 704 2204 socium
727 2150 845 2202 nostrae
867 2142 1064 2219 columenque
1086 2137 1201 2200 carinae

269 2243 333 2285 esse
355 2224 451 2300 velim,
474 2225 627 2288 Herculeis
650 2246 706 2289 nec
727 2247 775 2288 me
795 2245 935 2306 umquam
957 2227 1048 2287 fidere
1070 2225 1113 2286 las
1136 2221 1174 2283 sit

270 2309 385 2372 auxiliis
408 2311 507 2372 comiti
530 2321 559 2373 et
580 2320 695 2373 tantum
717 2313 823 2374 debere
846 2311 994 2392 superbo.’

353 2395 432 2456 Dixit
453 2406 481 2457 et
503 2396 679 2458 Haemonias
701 2399 803 2458 oculos
826 2397 981 2474 detorquet
1002 2397 1038 2456 ad
1059 2393 1163 2456 undas.
1258 2399 1302 2450 110

268 2480 380 2540 fervere
403 2489 509 2540 cuncta
530 2482 626 2542 virum
647 2491 743 2554 coetu,
766 2480 854 2540 simul
876 2479 1008 2556 undique
1031 2479 1126 2541 cernit

269 2563 396 2623 delatum
419 2583 524 2625 nemus
547 2573 575 2625 et
597 2566 681 2625 docta
702 2583 841 2626 resonare
863 2564 985 2643 bipenni

269 2647 371 2722 litora3
394 2648 451 2708 iam
474 2649 563 2728 pinus
586 2649 687 2727 gracili
709 2649 867 2710 dissolvere
889 2649 986 2709 lamna

270 2731 465 2812 Thespiaden,
488 2734 631 2814 iungique
654 2736 738 2809 latus,
762 2734 901 2812 lentoque
923 2752 1064 2812 sequaces

269 2817 378 2877 molliri
399 2817 476 2879 videt
498 2820 566 2898 igne
587 2820 694 2895 trabes,
716 2819 865 2899 remisque
887 2819 995 2898 paratis
1258 2832 1303 2885 115

269 2898 385 2962 Pallada
406 2903 525 2964 velifero
548 2913 737 2983 quaerentem
759 2905 894 2966 bracchia
915 2904 1002 2965 malo.

272 2986 404 3046 constitit
425 2996 467 3063 ut,
491 2989 581 3068 longo
602 2991 695 3052 moles
716 3009 778 3051 non
801 2991 901 3069 pervia
922 2996 1025 3068 ponto,
1091 2983 1096 3008 ¹

258 3071 392 3150 puppis,
416 3080 445 3132 et
467 3081 500 3134 ut
521 3081 625 3136 tenues
648 3075 765 3136 subiere
786 3074 906 3134 latentia
929 3091 1013 3133 cerae

270 3154 390 3230 lumina,
413 3157 546 3236 picturae
567 3160 662 3220 varios
685 3159 854 3240 superaddit
875 3159 1015 3218 honores.

269 3238 318 3300 hic
340 3240 506 3320 insperatos
528 3244 673 3323 Tyrrheni
694 3253 812 3324 tergore
833 3242 923 3322 piscis
1261 3250 1306 3300 130

271 3323 374 3386 Peleos
396 3327 427 3388 in
449 3329 591 3390 thalamos
613 3331 728 3391 vehitur
749 3328 866 3404 Thetis,
889 3343 1018 3406 aequora
1039 3322 1159 3403 delphin

252 3657 469 3714 aestumator.
516 3665 565 3716 100
588 3662 664 3715 hahet
681 3667 778 3727 maret
797 3661 946 3725 01011110
964 3673 990 3708 m
1008 3661 1035 3707 in
1054 3675 1116 3725 mg,
1135 3657 1188 3710 obit
1201 3655 1261 3707 Soli.

187 3727 242 3792 (cir.
260 3727 313 3792 Vll,
339 3730 397 3794 186,
425 3729 489 3795 Vlll,
508 3731 576 3790 339).
646 3733 703 3784 105.
723 3729 784 3781 iussi
802 3746 830 3793 π,
847 3729 896 3780 visi
914 3727 964 3782 He.
1028 3729 1083 3779 111.
1102 3727 1169 3778 hunc
1189 3723 1261 3776 cula.

187 3797 381 3849 -columenve
400 3796 461 3858 Vm,
479 3798 655 3866 columemquc
672 3798 695 3848 P
711 3798 889 3863 (columenque
898 3795 938 3855 111.
975 3797 1031 3847 130.
1056 3809 1102 3862 spe
1124 3833 1131 3847 .
1151 3831 1157 3846 .
1176 3834 1182 3846 .
1202 3831 1207 3843 .
1227 3791 1258 3845 Vr

187 3865 298 3931 (spectes
316 3865 397 3904 ‘wilm
412 3865 466 3932 Vn),
485 3869 584 3933 sperata
603 3865 817 3932 MP1,insperato
842 3863 903 3926 1²20,
922 3864 1064 3930 insperatos
1085 3861 1190 3926 Gr.(lV‚
1211 3863 1262 3924 ts).

988 4079 1379 4336 fl
