2764 4340
582 244 608 296 c.
627 225 744 296 vntum
759 241 879 296 nuncu.

261 424 339 501 mole
359 420 455 482 virum
476 418 613 498 rictuque
634 437 725 497 genas
747 423 776 478 et
796 416 911 478 lunrina
930 415 1047 496 pressit,

261 509 305 570 sic
327 525 415 569 curae
436 505 554 566 subiere
575 503 690 580 ducem,
712 503 864 564 ferrumne
886 508 1018 580 capessat

262 593 371 655 inbelle
392 599 480 670 atque
502 589 563 650 aevi
585 588 689 650 sanim
708 588 867 668 gestamina
890 586 988 666 primi,

262 699 300 740 an
322 683 420 758 patres
442 674 587 754 regnique
608 682 694 736 acuat
713 673 853 734 mutabile
873 672 988 750 vulgus.

264 770 367 825 cenna
387 761 480 822 ellusa
499 778 605 820 manus
626 759 811 838 haerensque
831 758 864 818 in
886 764 1006 837 pectore
1028 753 1159 816 amians

264 853 322 910 ‘me
344 845 472 927 queque'
494 844 534 905 ait
555 848 650 905 ‘casus
672 844 810 905 comitem
831 842 1012 922 quicumque
1034 838 1215 918 propinquat

262 933 400 1013 accipies,
422 948 479 992 nec
500 929 559 990 lata
580 930 693 990 traham
714 937 876 1007 natumque
896 927 1000 990 videbe

262 1025 292 1080 te
313 1018 389 1092 sine,
410 1022 456 1076 sat
476 1014 548 1076 caeli
569 1015 693 1096 patiens,
715 1033 784 1076 urm
804 1013 897 1094 prima
919 1029 973 1092 per
994 1010 1085 1072 altum

264 1103 327 1164 vela
350 1101 438 1176 dedit,
461 1100 545 1180 petui
566 1118 642 1179 quae
664 1107 778 1161 tantum
799 1099 877 1160 ferre
900 1095 1050 1158 dolerem!

266 1188 334 1250 talia
355 1205 410 1267 per
430 1185 574 1247 lacrimas.
619 1193 648 1246 et
669 1185 727 1246 iam
748 1182 949 1264 circumspicit
971 1183 1078 1253 desen
1113 1203 1115 1210 ’

266 1272 434 1354 praeveniat
455 1289 514 1350 quo
535 1271 595 1331 fine
617 1271 723 1345 minas,
745 1287 821 1349 quae
842 1270 900 1330 lata
920 1271 1057 1346 capessat

265 1359 354 1437 digna
374 1356 460 1416 satis:
483 1373 606 1433 magnos
628 1355 726 1416 obitus
748 1363 909 1432 natumque
930 1353 1109 1430 demumque

266 1451 296 1504 et
316 1459 411 1520 genus
433 1439 568 1500 Aeolium
588 1448 778 1520 pugnataque
800 1457 924 1519 poscere
943 1437 1029 1498 bella.
1122 1449 1125 1458 ⁴
1255 1438 1299 1490 πο

266 1534 311 1588 est
331 1525 420 1587 etiam
441 1531 509 1586 ante
530 1524 634 1585 oculos
655 1543 757 1586 aevum
778 1524 860 1586 rudis
882 1525 973 1585 altera
993 1519 1101 1600 proles,

266 1612 403 1690 ingentes
424 1609 538 1670 animes
560 1617 589 1669 et
608 1610 696 1670 tertia
718 1610 830 1671 discere
852 1609 927 1670 lacta

266 1714 355 1777 quem
376 1695 446 1756 velit
466 1694 562 1772 adque
583 1694 655 1754 elim
676 1696 727 1756 leti
748 1695 918 1756 meminisse
939 1691 1064 1772 paterni.

266 1799 336 1860 ergo
359 1797 441 1842 sacra
463 1785 559 1840 novat.
603 1781 709 1842 veteris
730 1781 787 1842 snb
808 1787 896 1841 necte
918 1775 1051 1857 cupressi

266 1865 402 1929 sordidus
424 1871 453 1926 et
473 1865 564 1925 multa
585 1865 699 1945 pallens
720 1865 873 1944 lenugine
894 1871 997 1925 taurum
1257 1859 1300 1908 ΠΒ

266 1952 360 2012 stabat
380 1950 485 2025 adhuc,
508 1950 557 2010 cui
578 1951 728 2012 caeruleae
749 1970 805 2030 per
826 1967 939 2010 cornua
959 1948 1046 2008 vittae
1160 1993 1162 1998 ,

268 2043 297 2097 et
317 2035 375 2096 taxi
395 2034 480 2094 lrsns
500 2033 577 2093 hirta
598 2036 710 2110 ccmis3
733 2036 797 2115 ipse
819 2053 907 2114 aeger
927 2031 1067 2094 anhelans

266 2119 474 2199 inpatiensque
495 2117 554 2178 loci
574 2118 694 2198 visaque
716 2117 871 2181 exterritus
893 2117 1005 2179 umbra.

268 2206 359 2282 [hunc
381 2203 436 2264 sibi
457 2202 651 2282 praecipuum
674 2205 770 2284 gentis
792 2205 827 2265 de
849 2222 931 2264 more
952 2201 1095 2264 netandae
1164 2223 1166 2234 ·

267 2288 415 2351 Thessalis
436 2287 468 2349 in
489 2305 572 2349 serus
593 2288 668 2350 Ditis
689 2297 851 2352 servaverat
870 2307 954 2350 usus.
1256 2291 1303 2342 tlt)

267 2374 458 2453 tergeminam
479 2381 543 2434 tum
564 2374 660 2453 placat
679 2395 760 2436 eram
782 2375 956 2454 Stygiasque
977 2389 1115 2451 supremo

269 2459 402 2520 obsecrat
422 2459 491 2536 igne
513 2459 616 2519 dumos
638 2460 695 2520 iam
716 2461 774 2522 iam
796 2459 942 2521 exorabile
964 2459 1019 2518 rite

269 2562 385 2605 carmen
409 2559 515 2620 agens;
538 2561 635 2621 neque
657 2545 737 2605 enim
751 2552 819 2606 ante
832 2545 910 2605 leves
925 2543 1010 2621 niger
1024 2541 1119 2603 avellit
1140 2541 1258 2602 umbras

267 2627 394 2708 portitor
415 2633 445 2687 et
464 2626 578 2688 vinctae
600 2628 703 2707 primis
726 2635 802 2690 stant
822 2629 957 2690 faucibus
980 2627 1070 2704 Orcil.
1368 2663 1369 2700 q

268 2713 353 2773 illum
373 2711 426 2772 ubi
446 2710 566 2772 terrifici
586 2731 742 2792 superesse
764 2715 795 2775 in
816 2723 950 2794 tempere
971 2714 1046 2774 sacri
1256 2725 1302 2778 tet

269 2796 432 2876 conspexit,
455 2795 554 2857 statuit
575 2798 633 2859 leto
655 2817 852 2880 supremaque
872 2800 952 2860 latur

269 2883 334 2963 ipse
355 2901 445 2944 manu
467 2887 591 2960 tangens
613 2884 739 2947 damnati
762 2903 874 2946 cornua
895 2884 991 2946 muri:

272 2971 343 3041 ινοε,
365 2967 474 3045 quibus
494 2966 652 3047 imperium
673 2970 749 3031 lovis
772 2978 801 3031 et
822 2989 883 3032 nen
905 2988 997 3048 segne
1019 2975 1169 3048 peractum

271 3051 347 3113 lueis
369 3052 435 3127 iter,
457 3051 529 3110 mihi
552 3054 692 3130 consiliis,
715 3056 787 3116 mihi
808 3055 926 3134 cognita
947 3054 1033 3114 bellis

272 3135 392 3197 nemina
413 3153 588 3214 magnorum
608 3139 685 3200 lama
706 3147 817 3201 sacrata
838 3146 996 3219 nepotum3
1259 3147 1304 3199 tet

272 3228 374 3297 tuque,
398 3222 490 3283 excite
511 3239 620 3300 parens
642 3225 764 3300 umbris,
786 3233 820 3286 ut
841 3233 942 3286 nestra
962 3222 1075 3284 videres

272 3306 377 3366 lunera
398 3313 427 3366 et
447 3305 554 3368 oblitos
575 3327 718 3389 supemm
739 3318 872 3390 paterere
894 3309 1020 3383 dolores,

273 3391 309 3450 da
331 3392 460 3469 placidae
481 3393 554 3454 mihi
575 3396 653 3456 sedis
674 3396 731 3457 iter
751 3413 858 3473 meque
879 3394 974 3455 hostia
995 3394 1099 3455 restris

198 3562 238 3572 -
245 3563 281 3568 .--a
294 3561 395 3570 .-.-.
403 3562 498 3568 ,ᾕ-

257 3651 315 3703 764.
341 3645 450 3715 accipias
468 3649 505 3700 tt.
608 3648 666 3700 768.
685 3662 736 3713 quc
754 3663 783 3713 π,
800 3660 866 3714 quse
883 3647 922 3700 Ρί.
958 3663 997 3698 uu.
1022 3648 1157 3699 tte-784
1183 3651 1262 3698 uncae

191 3718 302 3770 inclusit
318 3716 378 3768 Sal.
447 3718 506 3768 tet.
532 3728 590 3764 cum
612 3729 641 3779 π,
663 3717 721 3766 tim
742 3713 802 3769 RB.
876 3714 1262 3781 vermandensem)

192 3793 218 3837 ct
234 3783 292 3838 Hir.
308 3785 376 3850 (lll;
390 3783 442 3834 leto
461 3783 509 3836 Pe.
533 3782 570 3832 W.
589 3783 667 3846 1360).
728 3786 786 3836 tue.
805 3786 911 3835 mactae
933 3795 962 3848 π,
979 3783 1081 3836 vinem
1103 3784 1197 3836 laeuis
1217 3785 1263 3848 (lu

190 3851 323 3907 Matidiae
339 3855 413 3903 mite.
429 3851 497 3916 plu'l.
517 3849 538 3910 1,
556 3850 607 3911 l3l.
691 3853 750 3904 785.
769 3850 884 3904 terrificis
900 3867 934 3912 π,
952 3849 1056 3904 terrifici
1072 3850 1128 3916 RB,
1144 3849 1263 3906 tarmen

191 3959 274 3974 ....
299 3919 377 3972 sacris
395 3918 458 3969 Bur.
529 3918 585 3969 789.
615 3919 729 3971 cendliis
750 3933 779 3984 π,
797 3918 909 3972 consiliis
926 3919 973 3970 Ple.
997 3915 1039 3972 W.
1060 3921 1130 3983 (8³⁰)
