2764 4340
422 247 678 302 ARGONAVTIGON
696 249 790 302 LIBER
806 250 833 303 ll.

155 424 339 501 miraturque
360 420 439 480 viros
462 419 650 499 dextramque
673 420 824 500 amplexus
847 428 876 481 et
897 421 1021 484 haerens

154 508 260 588 incipit
280 502 311 567 ‘0
333 505 420 566 terris
442 524 523 566 nunc
545 506 674 585 primurn
696 507 813 585 cognita
835 507 944 568 nostris

152 591 325 656 Aemathiae
348 609 454 652 manus
477 591 601 651 etfama
623 591 695 652 mihi
717 591 811 652 maior
833 591 939 671 imago.

152 699 215 741 non
238 685 336 738 tarnen
359 676 431 736 haec
456 675 527 737 adeo
550 684 661 737 semota
684 695 781 755 neque
803 677 892 739 ardua
915 677 1003 739 tellus

151 783 210 826 nec
231 764 296 824 loca
317 761 375 822 iarn
397 762 517 840 populis
539 760 671 840 inpervia
693 761 768 823 lucis
790 781 869 836 eoae,

152 868 221 911 curn
242 847 315 908 tales
337 847 462 908 intrasse
485 845 584 920 duces,
606 853 650 906 tot
671 847 778 908 robora
800 865 899 908 cerno.

153 951 223 996 narn
245 933 314 993 licet
335 931 407 992 hinc
428 949 526 992 saevas
548 930 636 992 tellus
658 932 716 991 alat
737 931 856 993 horrida
880 941 982 1012 gentes

153 1037 263 1098 meque
285 1018 415 1078 lremens
437 1017 549 1077 tumido
572 1017 756 1078 circumlluat
778 1036 829 1078 ore
851 1017 1020 1096 Propontis,

153 1112 251 1166 vestra
271 1102 344 1163 fides
366 1101 501 1180 ritusque
523 1120 609 1184 pares
633 1109 661 1162 et
682 1101 762 1164 mitia
784 1103 865 1163 cultu

152 1189 199 1250 his
225 1187 311 1248 etiarn
333 1186 405 1248 mihi
427 1186 516 1247 corda
537 1186 626 1260 locis3
649 1187 754 1265 procul
778 1187 865 1248 ellera
886 1188 979 1248 virtus

151 1273 291 1353 Bebrycis
314 1280 343 1332 et
364 1271 493 1350 Scythici
515 1272 621 1352 procul
643 1271 830 1333 inclementia
851 1267 946 1332 sacri?

151 1360 195 1421 sic
216 1361 360 1418 memorat
381 1357 533 1435 laetosque
555 1357 641 1436 rapit,
664 1357 749 1418 simul
772 1357 888 1437 hospita
910 1357 999 1436 pandi

151 1451 228 1505 tecta
251 1443 333 1503 iubet
354 1442 531 1521 templisque
555 1460 654 1502 sacros
676 1442 801 1522 largitur
821 1442 961 1503 honores.

151 1535 231 1590 stant
252 1527 375 1607 gemmis
397 1545 530 1607 auroque
551 1528 608 1588 tori
631 1546 810 1606 mensaeque
832 1535 935 1607 paratu

152 1613 273 1693 regifico
296 1619 475 1691 centumque
497 1631 583 1692 pares
605 1613 751 1692 primaeva
773 1612 901 1674 ministri

152 1716 296 1778 corpora;
319 1716 388 1777 pars
411 1697 513 1777 epulas
535 1698 681 1773 manibus,
704 1715 772 1777 pars
795 1717 883 1760 aurea
904 1704 1021 1776 gestant

151 1784 260 1864 pocula
282 1782 428 1843 bellorum
451 1800 536 1843 casus
559 1801 697 1862 expressa
719 1789 881 1843 recentum.

152 1870 249 1949 adque
272 1887 305 1928 ea
326 1868 421 1947 prima
444 1867 511 1928 duci
533 1885 662 1947 porgens
685 1865 834 1928 carchesia
858 1867 945 1928 Graio

153 1954 275 2034 Cyzicus
296 1947 356 2013 ‘hic
377 1947 491 2032 portus'
515 1951 613 2032 inquit
631 1945 716 2013 ‘mihi
739 1952 852 2013 territat
873 1952 977 2026 hostis,

151 2041 204 2101 has
228 2039 305 2100 acies
328 2038 384 2098 suh
407 2047 493 2099 nocte
515 2038 614 2112 refert,
637 2038 709 2098 haec
730 2056 812 2098 versa
835 2037 991 2116 Pelasgum

153 2133 235 2203 terga
257 2123 347 2198 vides,
371 2141 455 2184 meus
477 2123 525 2184 hic
547 2122 659 2184 ratibus
681 2124 732 2202 qui
755 2123 886 2202 pascitur
907 2118 1005 2204 ignis?

153 2209 261 2270 subicit
283 2208 444 2269 Aesonides
463 2203 590 2269 ‘utinam
613 2227 694 2269 nunc
716 2209 759 2268 ira
781 2208 918 2288 Pelasgos

152 2295 264 2356 adferat
285 2302 314 2354 et
335 2293 429 2354 solitis
451 2300 573 2372 temptet
594 2311 773 2353 concurrere
794 2293 881 2353 furtis

154 2386 318 2458 cunctaque
342 2397 374 2439 se
396 2377 507 2438 ratibus
528 2377 633 2438 fundat
654 2394 775 2438 manus:
800 2396 878 2438 arma
900 2376 1011 2438 videbis

153 2465 270 2544 hospita
292 2482 348 2524 nec
369 2464 534 2543 posthanc
557 2463 633 2524 ultra
655 2463 708 2523 tihi
730 2463 841 2542 proelia
863 2457 1000 2524 noctem.²

153 2549 195 2610 sic
217 2550 257 2610 ait
278 2549 391 2628 hasque
413 2550 491 2610 inter
511 2547 599 2609 variis
622 2567 681 2610 nor
703 2548 830 2628 plurima
853 2549 937 2610 dictis

154 2643 238 2714 rapta
259 2634 337 2695 vices
359 2653 414 2696 nec
436 2653 497 2696 non
520 2633 608 2695 simili
629 2634 680 2694 lux
702 2641 819 2714 postera
840 2641 946 2695 tractu.

81 2767 374 2782 ————-———-

140 2840 194 2892 642.
212 2839 341 2908 longaque
359 2855 387 2903 a,
405 2852 451 2889 nec
468 2836 524 2888 loca
543 2833 621 2895 Bur,
640 2847 768 2898 regnaque
790 2832 836 2884 ΤΙι.
