2780 4350
584 221 747 274 uvabunt
770 221 881 273 mucul

250 380 322 440 haec
344 379 384 440 ait
406 378 526 458 ignarus
547 378 618 438 fixas
641 378 697 439 iam
720 378 842 438 numine
864 395 953 457 rupes

249 472 325 525 stare
348 483 445 543 neque
466 463 594 525 adversis
615 465 692 524 ultra
715 481 893 526 concurrere
915 461 1000 524 saxis.

249 549 375 610 reddidit
390 549 567 610 Aesonides:
586 545 630 610 ‘et
650 557 689 625 te,
712 549 852 610 fidissime
874 554 981 621 rector,

249 635 327 696 haud
351 635 417 695 rani
439 635 561 714 tetigere
583 642 689 710 metus,
713 653 768 695 nec
789 653 837 695 me
859 633 902 694 ire
921 651 1029 694 recuso

249 720 368 798 longius
390 728 419 780 et
441 721 556 782 cunetis
578 720 750 782 redeuntem
773 719 929 780 ostendere
950 713 1056 778 terris?

248 805 386 886 protinus
408 806 477 867 inde
499 805 571 868 alios
593 807 716 866 flectunt
737 823 882 884 regesque
904 804 1055 882 locosque,
1251 817 1298 866 222

249 892 462 969 adsuetumque
483 898 589 970 petunt
610 890 749 971 plaustris
771 888 965 968 migrantibus
987 908 1108 968 aequor.

292 976 396 1056 Puppe
418 977 524 1056 procul
546 995 659 1037 summa
681 975 776 1054 vigilis
799 982 867 1054 post
888 982 970 1052 terga
991 975 1124 1054 magistri

250 1063 382 1122 haeserat
404 1069 521 1124 auratae
544 1061 668 1141 genibus
691 1062 792 1122 Medea
813 1061 977 1134 Minervae;

250 1147 345 1225 adque
367 1146 407 1206 ibi
430 1147 541 1208 deiecta
563 1147 696 1208 residens
718 1146 749 1206 in
771 1145 884 1208 lumina
905 1145 982 1224 palla
1368 1199 1369 1218 ,

250 1231 338 1292 flebat
359 1232 463 1308 adhuc,
486 1250 663 1312 quamquam
685 1230 854 1292 Haemoniis
876 1249 944 1292 cum
967 1231 1087 1310 regibus
1109 1232 1175 1307 iret,
1249 1245 1296 1293 toa
1368 1225 1369 1304 ἶ

251 1317 312 1378 sola
334 1323 431 1378 mmen
454 1337 510 1379 nec
532 1317 663 1397 coniugii
685 1335 789 1379 semera
809 1315 913 1377 futuri.

251 1402 330 1463 illam
353 1402 505 1463 Sarmatici
526 1403 705 1464 miserantur
726 1403 810 1463 litora
833 1401 927 1481 ponti,

250 1487 299 1547 illa
322 1487 489 1547 Thoanteae
511 1489 617 1550 transit
637 1488 740 1548 delleta
761 1487 880 1548 [tianae.

251 1572 331 1633 nulla
354 1571 449 1651 palus,
473 1572 573 1634 nuMus
595 1572 730 1652 Scythiae
752 1591 813 1634 non
835 1579 947 1634 maeret
967 1577 1087 1632 euntem

252 1656 362 1732 amnis;
385 1657 590 1737 Hyperboreas
610 1658 702 1720 movit
723 1665 881 1738 conspecta
903 1655 1035 1737 pruinas,
1249 1671 1296 1719 212

251 1750 295 1803 tot
315 1744 403 1804 modo
426 1762 517 1822 regna
539 1751 660 1820 tenens;
682 1743 740 1823 ipsi
763 1761 883 1822 quoque
904 1759 1057 1803 murmura
1078 1751 1196 1822 ponunt

254 1829 310 1889 iam
332 1828 456 1908 Minyae,
480 1829 538 1890 iam
559 1830 638 1890 terre
659 1829 770 1890 volunt.
815 1828 862 1888 vix
883 1827 986 1889 allevat
1008 1846 1059 1888 ora

252 1913 288 1973 ad
309 1932 398 1990 seras,
422 1914 576 1992 siquando,
599 1917 698 1994 dapes,
720 1933 794 1993 quas
816 1932 902 1974 carus
923 1912 1009 1974 lason

252 1997 316 2078 ipse
339 1998 432 2073 dabat,
455 2003 514 2060 tom
535 1999 700 2062 nubiferam
723 1998 849 2060 transire
871 1997 1024 2060 Carambin
1368 2075 1369 2080 ἵ

252 2082 432 2161 significans,
455 2083 512 2144 iam
533 2102 625 2162 regua
647 2084 727 2164 Lyci,
749 2084 917 2163 totiensque
941 2091 1106 2163 gementem
1249 2097 1294 2147 215

251 2166 325 2228 121111
345 2168 382 2228 ad
404 2167 582 2230 Haemonios
603 2170 736 2230 hortatus
759 2187 881 2248 surgere
901 2176 1027 2230 montes.

214 2313 218 2318 ,
295 2252 395 2315 Insula
418 2255 594 2316 Sarmaticae
615 2255 712 2317 Peuce
734 2262 789 2316 stat
811 2255 931 2316 nomine
953 2255 1110 2334 nymphae,

252 2347 353 2400 torvus
376 2339 426 2401 uhi
449 2347 478 2401 et
499 2340 564 2420 ripa
586 2360 704 2420 semper
724 2341 901 2403 metuendus
924 2347 1049 2418 utraque

253 2425 283 2484 in
305 2425 379 2485 freta
401 2443 456 2504 per
476 2444 577 2487 saevos
599 2425 697 2488 Hister
719 2425 870 2488 descendit
891 2425 1046 2500 alumnos;
1368 2487 1369 2502 ,

194 2589 199 2598 ι
253 2509 417 2590 solverein
439 2510 496 2570 hoc
517 2511 635 2572 tandem
656 2511 768 2572 resides
791 2511 850 2572 dun
871 2511 957 2572 litore
980 2530 1081 2586 curas,
1249 2521 1298 2572 222
1368 2565 1369 2596 ,

252 2611 287 2653 ac
309 2592 437 2670 primum
460 2594 556 2654 socios
578 2613 668 2656 ausus
689 2614 741 2656 sua
763 2602 846 2674 pacta
868 2597 973 2658 docere

252 2676 487 2757 promissamque
508 2679 595 2740 ssdem
617 2680 735 2742 thalami
756 2681 920 2761 foedusque
943 2681 1048 2761 iugale.

252 2762 331 2822 ultro
353 2781 456 2826 omnes
478 2764 545 2826 lacti
567 2765 709 2846 instigant
729 2765 922 2846 meritamque
943 2767 1082 2828 latentur.

252 2847 316 2926 ipse
337 2857 434 2911 autem
455 2850 562 2912 invitae
584 2851 640 2912 iam
663 2851 796 2912 Pallados
819 2851 905 2931 erigit
926 2870 999 2927 aras,

252 2931 357 3012 incipit
378 2934 483 2996 Idaliae
505 2955 617 2998 numen
640 2957 695 2998 nec
717 2955 860 3017 spernere
882 2937 973 2998 divae.

252 3019 473 3097 praecipueque
495 3021 551 3095 sui,
574 3022 729 3100 siquando,
753 3021 783 3082 iu
806 3029 939 3101 tempore
960 3021 1086 3101 pulcher

252 3101 383 3182 coniugii
405 3102 520 3183 Minyas
541 3124 704 3184 numquam
725 3106 819 3186 magis
841 3107 951 3168 eminet
972 3108 1066 3180 inter;

252 3187 347 3266 qualis
370 3189 534 3268 sanguineo
556 3196 647 3253 otmar
669 3192 810 3253 Gradivus
832 3192 867 3252 ab
890 3191 989 3253 Hebro

252 3272 374 3334 Idalium
395 3275 475 3335 forto
497 3276 577 3339 subit
598 3284 648 3338 aut
670 3276 774 3338 dilecta
796 3277 936 3357 Cythera3

252 3377 305 3418 seu
330 3377 398 3419 cum
420 3361 560 3424 caelestes
583 3362 700 3424 Alcidae
722 3362 847 3423 invisere
869 3381 986 3423 mensas

253 3443 310 3504 1222
332 3451 413 3505 vacat
434 3452 463 3505 et
484 3447 595 3510 fessum
617 3447 742 3510 lunonia
765 3446 891 3509 sustinet
912 3446 1002 3510 Hebe.

252 3529 359 3590 adsunt
381 3529 536 3594 unanimes
559 3533 658 3596 Venus
680 3534 871 3611 hortatorque
894 3531 1017 3612 Cupido,

168 3676 476 3691 *uuum—d

237 3763 294 3814 200.
317 3762 384 3816 flexu
403 3765 449 3816 Ph.
470 3763 512 3816 W.
539 3767 617 3830 (641).
721 3770 779 3821 2118.
812 3767 909 3820 dellens
936 3783 973 3832 n,
1002 3766 1093 3818 delleta
1126 3765 1190 3832 dag.
1208 3765 1239 3817 A.

168 3911 210 3947 om
236 3831 295 3948 2111.
312 3829 441 3898 pontiM.
495 3835 553 3887 214.
572 3834 622 3886 iam
636 3835 792 3902 postdabat
811 3835 845 3899 B,
864 3851 914 3888 om.
933 3851 961 3892 π.
1027 3835 1083 3888 228.
1103 3831 1238 3898 victorltt,
