2792 4340
584 163 610 213 G.
629 161 746 213 VALERl
763 161 874 213 FLACCl

256 319 356 379 dextra
377 325 473 395 regat;
497 315 584 376 simul
607 318 741 378 Ancaeus
764 317 928 394 sollersque
950 314 1067 394 petebat

255 402 408 482 Nauplius,
452 401 597 479 Erginum
618 403 677 462 lato
699 409 782 462 vocat
803 401 867 481 ipsa
888 401 1021 461 monenti

256 506 393 568 quercus,
418 487 503 547 etad
525 492 625 547 tonsas
646 486 715 546 victi
736 486 850 548 rediere
871 485 1013 564 magistri.

255 592 289 634 ac
310 572 390 633 velut
410 571 469 647 ille,
493 570 590 650 gregis
613 571 701 631 cessit
722 571 770 631 cui
792 571 882 649 regia,
905 579 1007 630 taurim

256 660 351 719 fertur
373 675 478 731 ovans;
500 657 582 716 hunc
604 655 700 717 omnis
721 657 827 729 honos,
850 656 932 716 hunc
953 655 1050 716 omnis
1072 657 1102 717 in
1126 676 1214 718 unum

255 742 360 805 transit
381 759 478 817 amor3
501 740 597 821 primo
619 741 713 802 laetus
735 740 778 801 sic
800 748 933 818 tempore
954 748 1053 801 rector

256 826 423 907 ingreditur
444 843 566 900 cursus;
589 825 698 887 etenim
720 826 768 886 dat
789 825 911 886 candida
933 833 1044 886 certam
1252 837 1281 886 m

256 932 316 974 nox
337 911 469 973 Helicen.
514 911 571 970 iam
593 928 681 989 prora
701 912 810 972 fretum
832 918 1029 972 commoverat
1050 918 1078 973 ct
1101 910 1156 972 iarn

257 1016 360 1078 puppe
382 997 488 1058 sedens
512 1041 518 1055 .
544 1041 551 1056 .
576 1040 582 1055 .
608 1041 614 1056 .
639 995 788 1057 dimiserat
809 995 938 1057 anchora
960 1003 1062 1058 terras.

298 1081 380 1154 Inde,
404 1087 558 1160 premente
580 1089 660 1154 noto,
682 1081 782 1142 tristes
804 1079 1001 1142 Acherusidos
1027 1099 1094 1142 oras

257 1166 397 1247 praeterit
420 1173 448 1226 et
468 1166 542 1226 festa
563 1165 713 1245 vulgatum
735 1173 822 1227 nocte
844 1164 931 1243 Lyaei

258 1251 459 1325 Callich0r0n;
484 1269 539 1312 nec
561 1269 634 1312 vana
654 1251 736 1311 fides.
780 1249 827 1310 his
848 1249 982 1310 bacchus
1003 1250 1034 1311 in
1057 1250 1145 1311 undis
1256 1259 1284 1310 75

257 1336 350 1397 abluit
371 1354 425 1396 eoo
447 1344 583 1396 rorantes
604 1335 747 1414 sanguine
770 1336 896 1413 thyrsos.

257 1420 342 1481 illum
363 1427 431 1498 post
451 1419 529 1479 acies
550 1417 693 1496 rubrique
714 1419 872 1480 novissima
893 1418 1018 1478 claustra

258 1503 396 1582 aequoris
418 1503 467 1563 hic
489 1503 599 1564 resides
622 1503 741 1579 thiasos,
764 1504 812 1565 hic
835 1519 901 1564 aera
922 1511 1087 1565 moventem

256 1590 375 1666 udaque
397 1587 553 1668 pampinea
575 1589 742 1650 nectentem
764 1607 876 1649 cornua
896 1587 965 1646 vitta

257 1692 340 1735 nunc
362 1673 448 1733 etiam
469 1672 660 1748 meministis,
683 1691 785 1752 aquae,
807 1672 926 1734 Boeotia
949 1671 1065 1749 qualem
1261 1682 1289 1732 ut

258 1758 365 1838 Thyias
388 1765 417 1819 et
438 1758 540 1820 inlelix
562 1766 685 1838 cuperet
705 1758 812 1819 vidisse
835 1757 1000 1818 Cithaeron.

300 1843 388 1904 Fama
409 1861 464 1922 per
485 1850 631 1904 extremos
653 1843 725 1922 quin
748 1843 805 1904 iam
828 1841 904 1902 volat
924 1840 1049 1920 inproba
1070 1859 1171 1904 manes

258 1928 370 1989 interea
392 1934 420 1987 et
441 1927 555 2007 magnis
577 1936 714 1988 natorum
735 1926 872 2014 laudibus
893 1925 1003 2005 implet,

258 2011 354 2072 addita
375 2011 492 2089 iamque
513 2012 596 2072 fretis
618 2019 756 2090 repetens
778 2013 861 2085 treta,
885 2010 1002 2090 iamque
1024 2018 1157 2090 patentes

260 2095 399 2175 Cyaneas
444 2095 548 2157 ardent
569 2095 667 2156 avidos
689 2097 821 2157 attollere
842 2095 949 2170 vultus,
1260 2105 1287 2156 et

259 2198 335 2259 quos
357 2180 449 2260 pietas
470 2180 515 2242 vel
537 2180 631 2259 tangit
652 2180 748 2242 adhuc
769 2199 844 2260 quos
866 2180 979 2241 aemula
1000 2180 1101 2241 virtue.

257 2266 315 2326 lata
338 2266 457 2326 immota
477 2273 614 2340 manent;
638 2285 746 2341 unum,
769 2265 821 2344 qui
842 2264 927 2326 litore
950 2265 980 2325 in
1003 2265 1052 2324 illo

260 2350 411 2425 conditus,
434 2351 470 2411 ad
492 2369 575 2412 carae
597 2351 718 2412 mittunt
739 2349 905 2430 spectacula
928 2349 1040 2410 turbae.

259 2435 282 2495 it
304 2435 477 2496 Sthenelus:
501 2435 618 2513 qualem
639 2435 777 2495 Mavortia
797 2435 869 2495 vidit
891 2436 1018 2495 Amazon

260 2536 387 2596 cumque
409 2519 471 2578 suis
493 2519 629 2579 comitem
652 2519 768 2580 Alcides
790 2527 823 2578 ut
844 2520 975 2580 condidit
996 2519 1093 2592 armis
1263 2528 1290 2578 tt

259 2602 325 2662 talis
348 2603 383 2662 ab
405 2603 544 2680 aequorei
566 2621 750 2682 consurgens
772 2621 879 2681 aggere
900 2604 978 2665 busti

261 2687 395 2762 emicuit;
417 2687 527 2749 lulserc
549 2686 661 2763 undae,
685 2688 875 2766 solmagnus
896 2696 930 2748 ut
952 2686 1053 2748 orbem

260 2772 376 2834 tolleret
398 2780 448 2834 aut
469 2772 579 2834 nubem
602 2780 735 2852 quateret
756 2773 853 2852 polus.
898 2774 992 2852 adque
1015 2790 1048 2832 ea
1070 2772 1186 2834 vixdum

259 2857 320 2918 visa
341 2857 410 2918 viris
433 2865 494 2918 atra
515 2876 574 2918 nox
597 2859 734 2936 protinus
755 2857 875 2919 abstulit
897 2858 1009 2918 umbra.

260 2941 309 3002 ille
332 2943 435 3002 dolens
457 2942 548 3002 altum
570 2943 676 3021 repetit
697 2943 795 3003 chaos.
833 2943 931 3002 omina
952 2943 1073 3020 Mopsus
1264 2950 1290 3001 tt

260 3026 329 3088 dum
353 3033 460 3104 stupet,
483 3027 514 3085 in
537 3025 631 3105 prima
653 3027 800 3088 tumulum
822 3027 926 3106 procul
948 3026 1053 3104 aspicit
1074 3033 1146 3099 acta,

262 3109 475 3189 obnubensque
498 3117 586 3189 eaput
608 3110 699 3172 cineri
723 3112 770 3172 dat
791 3112 856 3172 vina
877 3119 988 3171 vocato.

243 3328 285 3380 ct.
303 3326 427 3392 velutin,
445 3329 515 3380 velut
531 3328 575 3379 ille
594 3325 620 3378 0.
673 3328 713 3382 72.
733 3327 831 3380 lacuna
849 3334 888 3378 eat
905 3331 934 3379 in
949 3327 1002 3378 VM
1006 3349 1012 3388 ;
1031 3327 1116 3380 tristes
1135 3325 1161 3391 C,
1179 3341 1245 3378 mce-

176 3397 229 3446 stas
246 3393 324 3460 llcg.;
351 3410 415 3445 num
432 3397 541 3447 saevas?
636 3396 677 3446 75.
695 3398 724 3446 ut
741 3412 779 3460 π,
806 3396 832 3446 in
851 3397 894 3448 Ρί.
986 3397 1027 3448 83.
1045 3399 1074 3446 in
1093 3393 1185 3446 (locri
1203 3399 1242 3444 tue

176 3467 235 3513 crat
251 3466 281 3514 in
298 3477 350 3528 mg.
370 3491 403 3499 —-
421 3463 529 3515 latorum
548 3461 698 3514 G.-ioter
716 3466 748 3516 83
768 3469 794 3514 ct
811 3466 843 3515 84
861 3467 890 3514 in
908 3464 998 3515 codice
1014 3465 1155 3529 Pomponii
1194 3464 1246 3513 acti

176 3532 247 3581 tuoe
264 3546 369 3582 versum
387 3534 507 3597 repperit
524 3531 589 3582 Plus
606 3535 739 3582 venturam
757 3531 827 3583 caelo
845 3530 902 3582 latis
920 3531 1065 3583 melioribus
1082 3531 1165 3596 Argo;
1184 3544 1244 3580 aun·

175 3598 234 3648 dan
252 3598 359 3650 Heinsio
388 3604 451 3649 teste
468 3598 532 3664 lleg.
563 3599 729 3664 adscriptum
758 3599 837 3649 habet
861 3604 890 3650 r'n
915 3615 968 3664 mg.
1055 3601 1096 3651 84.
1124 3597 1244 3650 additam-

176 3680 226 3732 que
243 3681 271 3730 π,
289 3667 373 3718 addita
391 3667 492 3733 iamque
500 3664 531 3718 B.
554 3695 579 3704 -
602 3681 710 3732 namque
726 3683 755 3730 π,
771 3667 873 3733 iamque
889 3665 932 3719 Bo.
950 3695 979 3704 —
1002 3667 1137 3734 pharentes
1154 3683 1182 3731 π,
1199 3679 1244 3732 pa·

175 3736 258 3785 tentes
277 3740 341 3785 teste
358 3733 466 3786 Heinsio
486 3736 638 3786 coniectura
657 3736 772 3785 hominis
790 3735 863 3785 docti
879 3738 907 3786 tn
924 3751 978 3800 mg.
989 3735 1117 3786 Vaticani
1134 3734 1173 3788 ed.
1194 3732 1243 3785 Ve-

176 3807 253 3854 notae
271 3803 439 3868 eccernplarr's.
474 3863 476 3866 Ι
509 3805 551 3854 95.
573 3802 655 3852 omnia
675 3801 707 3864 V,
726 3802 809 3852 omina
827 3801 884 3853 MC.
