2780 4350
610 214 637 266 G.
656 213 774 266 vatent
790 213 901 266 mucor

275 368 438 444 amborum,
460 369 579 430 victoris
601 370 676 444 eris;
700 369 756 430 iam
779 369 867 448 digna
888 369 999 432 videbis

274 454 394 534 proelia,
418 455 533 534 iamque
556 454 627 517 illud
651 473 750 516 carum
775 462 863 535 caput
885 455 928 516 ire
950 463 1073 517 cruenta

274 540 330 601 sub
352 541 436 614 treta,
458 541 586 602 semiviri
609 561 664 602 uec
687 559 788 602 murra
810 559 920 620 corpus
944 540 1055 615 Achivi,

274 627 325 687 sed
347 627 423 705 pice,
446 626 497 688 sed
518 626 642 688 llammis
664 634 693 686 et
714 625 821 688 olentis
842 627 986 706 sulphure
1008 626 1116 688 crines.

277 712 437 773 rosmoda
461 711 504 772 vel
527 711 623 772 solum
644 712 702 772 boc
723 713 831 772 fluctus
854 711 990 791 expellite
1013 730 1133 792 corpus,

274 815 335 857 non
358 805 397 871 te,
420 798 507 858 Aeeta
528 805 621 876 pater,
644 797 756 876 generi,
779 804 839 870 aut,
863 796 915 856 Sol
936 815 1053 876 magne,
1076 798 1212 877 pudebit.
1282 813 1331 862 35⁰

274 880 383 943 lallor?
404 902 442 943 an
464 883 520 944 hos
542 881 628 944 nobis
650 883 764 962 magico
786 901 867 942 nunc
890 882 1020 942 camnine
1041 891 1146 944 ventos

274 968 338 1046 ipsa
360 974 466 1042 movet,
490 968 612 1048 diraque
634 969 709 1030 levat
732 967 821 1028 maria
844 968 935 1028 ardua
956 966 1081 1046 lingua?

275 1060 363 1132 atque
385 1053 492 1115 iterum
515 1053 686 1130 Aesonides,
710 1053 817 1114 iterum
839 1052 1006 1114 defenditur
1027 1061 1099 1129 arte,

274 1158 332 1217 qua
354 1137 452 1200 solet?
474 1139 546 1200 haut
567 1139 609 1200 ilb
631 1146 735 1200 cantus
758 1146 787 1198 et
807 1137 891 1199 futile
913 1156 1050 1198 murmur

273 1223 415 1304 proderit.
459 1224 509 1299 ite,
532 1232 619 1298 rates,
641 1232 670 1286 et
690 1223 817 1303 frangite
837 1222 959 1301 virginis
981 1221 1110 1286 undam?

275 1309 347 1370 dixit
368 1318 397 1371 et
418 1309 536 1372 intortis
558 1310 638 1371 socio
661 1329 729 1371 cum
750 1308 843 1370 milite
864 1308 954 1368 remis

273 1395 406 1474 prosilit;
429 1402 460 1454 at
480 1397 574 1456 fluctu
597 1395 707 1475 puppis
730 1395 871 1455 labelacta
892 1411 1010 1454 reverso

275 1479 398 1540 solvitur
420 1479 602 1558 ellunditque
623 1479 702 1540 viros
724 1479 882 1559 ipsumque
903 1478 1065 1540 minantem

273 1573 346 1626 tunc
369 1583 488 1644 quoque
510 1572 539 1626 et
561 1565 634 1627 elata
655 1572 846 1644 quaerentem
868 1563 954 1626 litora
976 1564 1087 1626 dextra.

273 1651 333 1711 ibat
355 1658 384 1711 et
405 1669 485 1712 arma
506 1651 605 1712 terens
628 1658 657 1712 et
679 1650 814 1712 strictum
836 1649 997 1728 naufragus
1019 1669 1138 1726 ensem;

274 1736 379 1816 incipit
401 1744 430 1798 et
451 1755 548 1798 remos
571 1744 601 1798 et
622 1755 764 1818 quaerere
785 1743 913 1796 transtra
935 1735 1047 1796 solutae

273 1841 374 1902 sparsa
396 1822 476 1904 rotie,
498 1830 681 1903 maestasque
702 1821 767 1882 aliis
788 1821 941 1882 intendere
962 1839 1049 1882 voces

272 1908 439 1987 puppibus3
462 1917 507 1969 ast
528 1907 605 1969 inter
626 1915 724 1969 tantos
745 1924 920 1968 succurrere
942 1906 1049 1968 fluctus

274 1992 354 2053 nulla
376 2000 493 2072 potest,
516 2001 567 2054 aut
588 1993 648 2054 ulla
668 1993 755 2066 velit3
779 1991 977 2070 quotiensque
999 1992 1193 2072 propinquat,

274 2085 346 2137 tunc
368 2078 447 2138 aliud
467 2096 572 2138 rursus
594 2077 704 2138 dirimit
719 2096 813 2139 mare.
858 2076 915 2137 iam
936 2084 1034 2138 tamen
1057 2084 1144 2152 extat,

274 2162 391 2241 iamque
413 2162 491 2237 abiit,
514 2162 667 2241 fundoque
689 2163 797 2224 iterum
818 2161 963 2222 violentus
985 2162 1021 2222 ab
1044 2162 1103 2223 imo

275 2247 415 2328 erigitur3
438 2248 490 2310 sed
510 2250 619 2312 lluctus
641 2249 732 2322 adest,
754 2265 920 2326 magnoque
942 2247 998 2308 sub
1019 2246 1085 2309 altis

273 2333 392 2394 turbine
412 2333 476 2412 figit
496 2335 591 2414 aquis,
614 2342 644 2396 ot
664 2333 782 2395 tandem
804 2333 917 2412 virgine
938 2332 1035 2394 cessit.

317 2418 460 2499 Absyrtus
481 2420 545 2481 visu
567 2428 678 2482 maeret
699 2420 810 2480 defixus
832 2418 948 2479 acerbo.

274 2522 356 2564 nunc
377 2505 449 2583 quid
470 2512 545 2583 agat,
568 2524 626 2583 qua
647 2505 674 2566 vi
696 2509 810 2584 portus,
834 2513 862 2567 et
883 2502 978 2583 prima
1000 2512 1133 2584 capessat

274 2587 357 2656 ostia,
380 2606 439 2664 qua
460 2588 555 2667 possit
576 2589 689 2667 Minyas
711 2587 857 2664 invadere,
880 2589 996 2650 clausos

273 2690 349 2749 quos
370 2671 448 2733 videt
470 2672 662 2754 agnoscitque
683 2673 831 2748 fremens3
854 2674 945 2734 maria
967 2673 1049 2735 obvia
1072 2682 1174 2736 contra

273 2776 414 2838 saevaque
436 2766 550 2838 pugnat
571 2757 701 2838 hiemps,
724 2766 864 2838 totusque
886 2759 918 2821 in
938 2759 1046 2822 vertice
1068 2768 1188 2840 pontus.

272 2843 413 2904 abscessit
434 2846 552 2906 tandem
573 2863 705 2923 vanaque
726 2844 838 2905 recedit
859 2845 895 2905 ab
918 2843 960 2904 ira

272 2936 301 2989 at
323 2935 402 2989 tanta
425 2930 460 2989 de
482 2930 564 2992 clade
586 2930 669 2991 ratis.
711 2929 787 2990 latus
809 2929 878 2990 inde
900 2929 1052 2990 sinistrum
1280 2945 1325 2996 375

272 3014 482 3092 adversamque
504 3015 609 3092 procul
630 3015 742 3075 Peuces
766 3015 896 3076 defertur
918 3014 949 3074 in
972 3034 1053 3075 oram

272 3118 339 3160 cum
362 3097 469 3172 sociis;
492 3097 609 3177 gemino
633 3119 700 3160 nam
721 3099 866 3161 scinditur
888 3099 984 3160 insula
1005 3101 1083 3162 llenu

272 3183 408 3244 Danubii.
446 3184 500 3246 bac
522 3183 631 3246 dudum
655 3184 769 3264 Minyae
791 3184 996 3264 Pagasaeaque
1018 3187 1127 3266 puppis

271 3267 301 3328 in
324 3269 448 3331 statione
469 3276 605 3342 manent;
628 3269 711 3330 illinc
732 3269 850 3332 Aeetius
872 3271 960 3330 heros
1022 3273 1024 3278 ’

271 3351 385 3414 obsidet
406 3356 524 3416 adversa
546 3354 673 3416 tentoria
695 3354 832 3416 Thessala
857 3356 950 3416 classe

273 3438 430 3517 inpatiens
453 3459 630 3520 pugnaeque
653 3442 738 3501 datur
761 3459 821 3502 non
844 3441 904 3502 ulla
926 3447 1065 3520 potestas.

272 3531 375 3585 noctes
397 3532 484 3603 atque
507 3526 569 3588 dies
589 3525 678 3588 vastis
699 3544 780 3612 mare
802 3526 941 3588 lluctibus
962 3525 1040 3586 inter

253 3759 312 3811 362.
331 3762 440 3812 maestas
457 3775 492 3822 n,
509 3764 670 3828 maestasque
692 3757 738 3812 Tt.
756 3787 790 3797 —
814 3760 871 3812 altis
889 3775 918 3826 n,
936 3760 992 3812 aliis
1010 3760 1056 3813 He.
1145 3763 1204 3815 act.
1223 3769 1268 3815 aut

186 3823 228 3874 ille
247 3825 310 3878 velit
327 3843 356 3892 π,
373 3833 418 3880 aut
434 3827 487 3880 ulla
504 3827 566 3878 velit
584 3828 647 3891 Ba,
672 3832 717 3880 aut
734 3827 784 3880 ulla
802 3829 872 3880 valet
892 3827 1035 3880 Weictert.
1123 3833 1180 3884 act.
1200 3837 1269 3884 errat
1379 3851 1380 3854 ¹

186 3907 215 3957 n,
232 3895 301 3946 extat
319 3895 352 3946 A.
422 3898 480 3949 370.
499 3909 546 3948 uec
564 3911 593 3962 n,
610 3896 660 3949 beu
678 3895 734 3962 lla,
753 3911 821 3949 nunc
838 3896 899 3949 Set.
978 3899 1037 3970 ³⁷1⁷·
1056 3896 1167 3965 cingitur
1185 3898 1265 3952 Soter.
