2792 4340
599 187 625 240 (l.
644 186 762 238 votnm
778 186 889 238 FLAGGl

267 342 357 417 eruis,
379 341 488 421 ignotis
510 341 613 402 insons
636 341 789 420 Arimaspe
810 341 945 404 metallis.

270 429 375 489 doctus
397 436 426 488 et
448 426 594 488 Auchates
615 426 717 506 patulo
739 445 810 506 vaga
830 425 947 488 vincula
970 445 1041 506 gyro

269 531 408 592 spargere
430 520 459 572 et
480 519 624 572 extremas
645 511 757 590 laqueis
779 491 924 574 adducere
947 519 1067 572 turmas.

269 617 330 658 nou
354 614 407 676 ego
430 596 600 693 sanguineis
623 603 784 693 gestantem
806 604 943 676 tympana
964 595 1049 657 bellis
1123 629 1127 636 ,

268 683 468 762 Thyrsageten
491 681 680 759 cinctumque
702 682 782 760 vagis
803 689 871 760 post
892 690 974 760 terga
997 680 1088 742 silebo
1269 695 1309 745 135

268 765 395 847 pellibus
418 775 447 828 et
468 783 557 826 nexas
578 765 750 826 viridantem
771 766 895 826 floribus
917 766 1023 827 hastas

269 853 354 925 fama,
376 852 481 913 ducem
502 850 578 911 lovis
600 858 630 912 et
651 850 750 911 Cadmi
772 851 808 911 de
827 851 974 929 sanguine
995 851 1143 912 llacchum

269 937 323 998 hac
346 943 500 1016 quoquet
487 935 636 1010 turiferos,
658 935 754 997 felicia
777 953 877 1014 regna,
901 935 1037 1010 Sabaeos,

269 1022 324 1082 hac
346 1020 455 1082 Arabas
476 1020 588 1081 fudisse
610 1038 717 1093 manu3
739 1039 807 1082 mox
829 1028 981 1100 rumperet
1001 1020 1093 1082 Hebri

270 1125 337 1167 cum
359 1107 439 1181 vada,
463 1105 657 1184 Thyrsagetas
678 1105 772 1184 gelida
794 1105 917 1184 liquisse
939 1105 994 1166 sub
1016 1114 1107 1166 arcto.
1265 1121 1307 1171 llo

268 1191 327 1252 illis
349 1192 446 1252 omnis
467 1191 563 1251 adhuc
584 1200 715 1252 veterum
737 1198 824 1251 tenor
844 1198 875 1249 et
895 1208 978 1251 sacer
999 1191 1075 1252 aeris

269 1278 374 1356 pulsus
397 1284 426 1337 et
447 1295 518 1336 eoae
538 1276 725 1336 memoratrix
748 1275 818 1335 tibia
839 1293 967 1354 pugnae.

269 1361 366 1439 iungit
387 1379 459 1440 opes
482 1361 592 1422 Emoda
614 1378 700 1434 suas3
724 1379 777 1420 sua
799 1359 882 1439 sigua
904 1361 998 1420 secuti

268 1446 426 1506 Exomatae
448 1445 619 1523 Torynique
641 1452 670 1504 et
690 1444 755 1504 llari
778 1445 861 1506 crine
883 1445 1052 1520 Satarchae3

269 1529 366 1591 mellis
386 1530 483 1590 honos
505 1528 641 1608 Torynis,
664 1529 757 1590 ditant
777 1548 830 1590 sua
851 1528 976 1592 mulctra
997 1531 1169 1608 Satarchen,
1226 1601 1240 1608 ‚
1268 1545 1308 1595 145
1378 1597 1379 1612 ,

269 1615 425 1675 Exomatas
446 1621 568 1674 venatus
590 1613 650 1687 alit,
673 1633 729 1675 nec
751 1614 858 1674 clarior
879 1613 947 1675 ullis
1378 1615 1379 1648 ³

270 1708 367 1761 arctos
389 1699 490 1778 equis;
513 1698 623 1760 abeunt
643 1698 781 1778 Hypanin
803 1699 996 1778 fragilemque
1016 1719 1078 1779 per.
1093 1703 1202 1764 undam

269 1785 384 1864 tigridis
406 1793 457 1846 aut
477 1803 577 1846 saevae
599 1783 717 1864 profugi
740 1781 808 1858 carih
829 1783 913 1863 prole
935 1785 1063 1860 leaenae,

270 1877 438 1948 maestaque
460 1877 615 1949 suspectae
636 1877 730 1930 mater
751 1877 851 1949 stupet
871 1887 979 1947 aggere
1001 1871 1091 1950 ripae

270 1953 378 2034 inpulit
400 1962 429 2014 et
450 1954 555 2014 dubios
577 1954 694 2015 Phrixei
715 1953 830 2014 velleris
851 1953 940 2014 ardor

271 2039 411 2100 Centoras
434 2046 463 2098 et
484 2039 564 2098 diros
585 2037 699 2115 magico
722 2046 836 2099 terrore
859 2038 1007 2100 Choatras·

270 2122 408 2183 omnibus
430 2122 461 2183 iu
484 2140 609 2202 superos
631 2141 734 2183 saevus
756 2123 862 2196 honor,
885 2123 1122 2186 omnibus·artes

269 2207 481 2268 monstrificae:
505 2226 587 2269 nunc
608 2224 675 2268 vere
698 2227 773 2268 novo
797 2227 976 2288 conpescere
997 2209 1128 2286 frondes,

270 2311 352 2354 nunc
374 2292 500 2355 subitam
521 2293 644 2372 trepidis
665 2293 792 2355 Maeotin
816 2293 927 2354 solvere
949 2293 1098 2373 plaustris,

269 2378 413 2440 maximus
434 2379 490 2440 hos
511 2378 589 2440 inter
610 2378 709 2457 Stygia
730 2378 810 2440 venit
831 2389 893 2439 arte
916 2378 1049 2453 Coastes;

271 2463 408 2524 sollicitat
429 2482 485 2523 nec
506 2463 607 2524 Martis
628 2481 719 2537 amor,
740 2463 794 2523 sed
816 2463 891 2523 fama
914 2463 1035 2542 Cytaeae

270 2546 392 2624 virginis
414 2553 443 2605 et
463 2546 585 2625 paribus
607 2546 724 2625 spirans
745 2547 845 2608 Medea
867 2548 998 2609 venenis.

271 2631 377 2709 gaudet
399 2630 512 2690 Averna
533 2631 627 2710 palus,
650 2631 756 2710 gaudet
777 2632 834 2692 iam
855 2640 944 2694 nocte
965 2633 1063 2711 quieta

270 2715 397 2794 portitor
418 2723 448 2776 et
468 2722 532 2777 tuto
554 2715 675 2778 veniens
697 2715 819 2777 Latonia
842 2717 932 2778 caelo.

271 2801 352 2862 ibant
374 2809 402 2862 et
425 2801 550 2881 geminis
572 2810 732 2882 aequantes
754 2801 895 2862 cornibus
917 2802 976 2862 alas

270 2885 407 2946 Balloniti
430 2887 630 2984 comitumque
650 2887 730 2948 celer
751 2893 844 2947 mutat
844 2905 879 2946 or
905 2904 1049 2965 equorum

270 2971 388 3032 Moesus
411 2978 439 3030 et
460 2971 590 3048 ingentis
611 2972 742 3033 frenator
764 2972 894 3032 Sarmata
916 2971 1005 3065 copti.

271 3073 327 3116 nec
347 3062 392 3114 tot
413 3053 449 3114 ab
472 3061 602 3115 extremo
624 3056 732 3117 fluctus
753 3056 813 3135 agit
834 3067 971 3134 aequore,
995 3074 1052 3117 nec
1072 3055 1115 3116 sic

269 3139 409 3199 fratribus
430 3139 550 3200 adversa
571 3140 680 3201 boreas
701 3140 862 3221 respondet
882 3140 918 3201 ab
940 3141 1029 3215 unda,

270 3231 321 3284 aut
342 3224 367 3284 is
389 3223 468 3303 apud
488 3224 592 3284 fluvios
614 3224 725 3285 clamor
745 3226 909 3302 volucrum,
932 3227 1049 3287 aethera
1072 3234 1201 3304 quantus
1268 3238 1315 3290 toa
1380 3285 1381 3290 ,

271 3315 343 3368 tunc
364 3308 470 3370 lituum
493 3316 656 3371 concentus
678 3310 737 3371 adit
758 3311 964 3390 lymphataque
988 3311 1092 3371 miscet

1366 999 1377 1030 0

270 3391 360 3467 milia,
382 3401 455 3471 quot
475 3393 563 3470 foliis,
586 3402 659 3473 quot
679 3395 804 3456 floribus
826 3395 930 3475 incipit
954 3414 1061 3457 annus.

272 3477 335 3557 ipse
357 3477 430 3538 rotis
453 3479 542 3557 gemit
564 3479 639 3540 ictus
661 3499 731 3559 ager
751 3480 995 3559 tremibundaque
1016 3479 1106 3560 pulsu

257 3698 312 3749 143.
331 3695 419 3748 emeda
436 3711 470 3760 π,
496 3695 586 3748 emoda
603 3695 646 3750 m
735 3700 792 3750 165
809 3697 941 3750 volucrum
958 3697 1053 3750 clamor
1069 3714 1102 3762 π,
1126 3697 1264 3750 volucrum
1380 3705 1381 3724 ¹

185 3779 269 3818 sonus
281 3765 318 3829 Β,
336 3764 429 3816 clamor
445 3735 578 3816 vblucrum
596 3764 671 3826 Sch.;
689 3749 821 3816 volucrum
839 3767 921 3832 quatit
938 3765 1039 3818 aethera
1057 3737 1152 3817 clainor
1170 3764 1197 3817 0.

188 3833 244 3885 168.
262 3831 331 3883 intus
348 3847 376 3898 n,
394 3832 459 3884 ictus
478 3832 523 3883 lle.
543 3829 604 3892 (cfr.
621 3830 689 3883 Stat.
710 3831 787 3884 Theb.
805 3832 855 3898 llll,
872 3835 942 3899 656).
