2792 4340
590 196 617 248 G.
635 195 753 248 VALERI
769 194 881 248 macti

257 368 359 430 infelix
381 368 486 430 domus
508 377 537 430 et
558 369 657 430 sonitu
678 367 864 429 tremibunda
885 367 1035 447 profundi.
1274 375 1319 427 tst

257 461 287 515 at
308 454 380 515 varii
402 472 457 533 pro
479 471 553 533 rupe
575 462 686 525 metus;
709 453 780 515 hino
802 461 907 515 trunca
929 453 1030 515 rotatis

257 538 392 600 bracchia
415 546 498 619 rapta
519 539 589 600 viris
611 539 773 617 strictoque
796 537 944 599 inmortua
966 546 1065 600 caestu

258 641 383 702 ossaque
404 631 495 685 taetra
517 624 575 686 situ
597 635 623 686 ct
646 623 774 703 capitum
796 623 1007 685 maestissimus
1030 624 1112 685 ordo.

257 707 398 788 respicias
421 708 529 788 quibus
551 710 671 771 adverso
694 709 749 769 sub
771 707 892 770 uulnere
915 709 995 771 nulla

257 793 314 853 iam
335 793 424 854 facies
446 812 502 854 neo
524 813 633 855 nomen
657 802 733 854 erat:
756 793 851 855 media
873 793 966 873 ipsius
988 811 1067 855 arma
1267 805 1308 856 185

257 896 339 939 sacra
360 886 440 940 metu
463 878 622 958 magnique
644 879 702 940 aris
724 879 841 958 inposta
863 879 1004 958 parentis.

255 963 381 1042 hospitis
402 963 451 1024 hio
472 964 601 1042 primum
623 963 754 1024 monitus
775 963 889 1024 rediere
911 963 1071 1043 Dymantis,

257 1055 286 1108 et
307 1065 398 1127 pavor
419 1055 448 1108 et
469 1049 594 1109 monstri
617 1048 707 1110 subiit
727 1048 857 1110 absentis
879 1048 984 1127 imago,

256 1139 344 1211 atque
368 1132 470 1194 oculos
493 1134 592 1195 cuncti
616 1133 694 1195 inter
715 1152 746 1194 se
768 1141 890 1194 tenuere
913 1133 1041 1207 silenter,

257 1216 353 1278 donec
376 1218 490 1280 sidereo
513 1218 618 1279 Pollux
639 1218 792 1279 interritus
815 1236 866 1279 ore
1045 1241 1049 1250 ·
1261 1231 1305 1281 190

251 1296 294 1362 tte
315 1309 412 1363 tamen
434 1305 499 1378 hac,
523 1304 703 1382 quicumque
726 1298 776 1378 es‚'
799 1303 839 1363 ait
857 1295 1029 1364 ‘lomnidine
1051 1304 1116 1364 laxo

256 1385 313 1445 iam
335 1393 385 1446 tua
407 1387 477 1448 silva
499 1387 587 1462 ferat,
608 1388 695 1448 modo
718 1388 778 1448 sint
799 1387 852 1447 tibi
874 1387 994 1467 sanguis
1018 1395 1047 1448 et
1068 1381 1168 1449 artus.²

254 1467 393 1531 omnibus
416 1471 493 1532 idem
515 1471 631 1532 animus
652 1472 721 1533 torti
745 1472 904 1534 decernere
925 1491 1035 1552 pugna,

254 1561 453 1634 exoptantque
474 1555 569 1617 virum
591 1564 753 1636 contraque
776 1575 933 1619 occurrere
955 1565 1092 1636 poscunt.

254 1639 381 1718 qualiter
402 1641 511 1719 ignotis
533 1650 720 1720 spumantem
734 1641 874 1703 *funditus
895 1661 1012 1704 amnem
1257 1656 1301 1706 115

253 1808 356 1888 pandit
377 1810 442 1884 iter,
465 1829 533 1872 mox
555 1829 643 1873 omne
665 1829 757 1891 pecus
779 1811 936 1872 formidine
958 1811 1042 1890 pulsa

172 1914 174 1931 ·
253 1913 332 1972 pone
354 1894 442 1969 subit,
465 1895 582 1974 iamque
605 1904 634 1957 et
654 1897 759 1957 mediis
780 1895 915 1975 procedit
936 1895 972 1956 ab
994 1896 1092 1958 undis.

296 1979 334 2038 Αῑ
353 1979 460 2058 procul
482 2000 498 2041 e
519 1979 599 2040 silvis
621 1999 689 2042 sese
710 1980 909 2060 gregibusque
931 1980 1043 2042 terebat

253 2079 354 2122 saevos
377 2062 408 2123 in
431 2070 514 2124 antra
536 2063 627 2142 gigas.
671 2083 761 2142 quem
782 2083 838 2126 neo
860 2083 913 2125 sua
935 2065 1021 2126 turba
1043 2065 1152 2127 tuendo
1251 2077 1297 2128 tto

254 2145 277 2207 it
298 2145 377 2207 taciti
400 2163 504 2208 secura
526 2155 633 2209 metus.
677 2149 811 2210 mortalia
832 2151 989 2228 nusquamt

253 2230 337 2310 signa
359 2240 495 2305 manent;
517 2231 611 2294 instar
632 2233 757 2313 scopuli,
780 2233 831 2314 qui
853 2233 1091 2310 montibusaltis

253 2334 387 2378 summus
409 2316 469 2378 abit
490 2318 637 2397 longeque
660 2317 730 2399 iugo
753 2327 810 2380 stat
831 2318 912 2380 solus
935 2319 971 2380 ab
993 2319 1084 2379 omni.

253 2401 367 2462 devolat
388 2402 457 2462 inde
477 2402 599 2478 furem,
623 2422 679 2472 nec
702 2422 761 2482 quo
783 2404 828 2464 via
851 2423 938 2464 curve
960 2403 1085 2482 profecti

253 2503 309 2545 neo
332 2503 426 2564 genus
448 2493 516 2547 ante
537 2494 636 2565 rogat,
659 2489 711 2549 sed
732 2488 783 2549 tali
804 2495 944 2568 protonat
965 2488 1023 2549 ira:
1080 2535 1084 2546 .

249 2565 394 2648 incipite,
418 2588 435 2629 o
458 2569 588 2632 iuvenes.
633 2572 741 2632 etenim
763 2572 884 2647 fiducia,
907 2572 1004 2646 oredo,

253 2653 312 2714 huo
334 2652 402 2713 tulit
422 2653 535 2715 auditas
558 2662 587 2716 et
608 2663 715 2734 sponte
737 2657 880 2718 lacessitis
902 2675 977 2718 oras.

254 2737 300 2798 sin
324 2756 425 2799 errore
447 2738 509 2800 viae
531 2740 658 2801 necdum
679 2759 765 2802 mens
787 2759 877 2820 gnara
898 2743 1042 2816 locorum,

193 2829 239 2881 213
254 2823 385 2903 Neptuni
407 2824 512 2885 domus
533 2825 628 2905 adque
651 2834 767 2904 egomet
788 2826 935 2907 Neptunia
956 2826 1063 2906 proles.

254 2908 303 2969 hic
325 2908 397 2969 mihi
418 2908 465 2970 lex
488 2917 602 2971 caestus
625 2910 803 2990 adversaque
824 2911 929 2972 tollere
951 2919 1054 2972 contra

252 2992 397 3054 bracchia.
441 2993 484 3054 sic
506 2993 612 3072 ingens
635 2994 720 3056 Asiae
742 2997 827 3076 plaga
850 2995 961 3075 quique
983 3015 1037 3075 per
1058 3004 1160 3057 arcton

253 3076 355 3138 dexter
377 3076 459 3138 etin
482 3076 595 3138 laevum
618 3087 728 3157 pontus
751 3079 825 3142 iacet
846 3081 918 3142 haec
940 3099 1004 3142 mea
1026 3080 1099 3142 visat

172 3187 174 3197 ·
252 3161 388 3241 hospitia,
411 3162 468 3222 hoo
490 3161 585 3223 suncti
607 3173 740 3225 remeent
762 3165 920 3226 certamine
943 3184 1037 3244 reges,

254 3245 311 3305 iam
333 3245 448 3324 pridem
471 3254 585 3308 caestus
607 3246 719 3310 resides
741 3258 770 3310 et
791 3250 896 3329 frigida
918 3250 991 3310 raris

254 3329 391 3391 dentibus
414 3339 476 3392 aret
498 3332 615 3394 humus.
660 3333 727 3412 quis
749 3353 866 3396 mecum
887 3335 1005 3396 foedera
1027 3332 1153 3414 iunget?
1248 3345 1290 3395 115

240 3514 295 3565 181.
315 3518 343 3564 ut
361 3529 389 3577 n,
407 3517 434 3564 at
454 3512 498 3564 He.
571 3518 626 3570 183.
645 3515 696 3568 situ
713 3521 740 3568 et
757 3516 806 3577 He;
831 3521 857 3568 et
879 3533 930 3570 om.
949 3533 976 3569 n.
995 3545 1028 3556 -
1050 3525 1113 3584 post
1137 3521 1184 3571 195
1203 3521 1241 3568 tn-

168 3580 278 3631 taroidit
296 3595 399 3641 vorsum
418 3584 447 3632 tn
467 3580 547 3633 cute
565 3583 715 3648 legebatur:
740 3590 826 3636 taurus
844 3585 916 3652 aquis
934 3585 978 3651 qui
995 3585 1091 3651 primus
1108 3587 1155 3638 init
1174 3602 1242 3654 sper·

167 3647 256 3715 nitque
273 3652 420 3701 tumentem.
491 3651 547 3702 tet.
567 3651 696 3717 praecedit
714 3651 779 3715 VM,
798 3653 913 3718 procedit
931 3655 984 3704 Pm.
1054 3657 1113 3706 201.
1132 3655 1196 3706 tanti
1215 3657 1240 3705 P.

235 3717 293 3768 209.
313 3717 384 3768 leuno
401 3731 513 3781 veroum,
531 3723 578 3784 qui
595 3722 624 3770 in
642 3719 718 3777 tibris
736 3721 835 3786 legitur
851 3727 914 3788 post
930 3723 988 3785 212,
1007 3723 1059 3772 leuc
1077 3725 1240 3788 transposui.

167 3809 200 3820 -
224 3779 335 3849 Neptuni
359 3784 421 3837 haec
439 3785 531 3836 domus
550 3784 613 3837 Bur.
689 3790 746 3840 212.
765 3787 826 3839 visit
843 3805 875 3853 rr,
894 3788 960 3840 visat
978 3787 1009 3839 B.
1080 3792 1240 3844 attenuati

167 3863 195 3915 π,
214 3847 291 3901 iuncti
310 3850 375 3907 Bur.
393 3859 556 3906 —remeant
574 3869 601 3916 π,
619 3858 732 3906 remeent
750 3854 793 3908 132.
