2764 4340
79 3859 143 3907 acta

441 229 697 284 anconnvrlcou
716 233 810 286 LlBllR
828 235 845 286 Ι.

165 420 184 462 o
207 401 321 478 domus,
344 419 362 462 o
383 401 451 464 freti
473 403 653 482 nequiquam
674 405 759 484 prole
780 413 902 484 penates
911 407 927 466 l'

165 485 247 564 dixit,
270 495 300 548 et
320 488 466 567 extemplo
488 488 574 549 iuriis
596 489 698 568 iraque
719 490 828 551 minaci

163 571 314 648 tenibilis,
337 575 418 633 ‘sunt
438 573 487 634 hic
509 573 595 635 etiam
617 581 667 636 tua
687 575 818 650 vulnera,
840 578 960 655 praedo,

163 664 236 719 sunt
258 657 394 719 lacrimae
416 675 563 736 carusque
583 660 712 737 parens’
756 661 844 722 simul
866 662 986 724 aedibus
1007 663 1073 724 altis

163 742 248 822 itque
269 742 405 822 reditque
424 743 555 804 fremens
576 762 735 823 rerumque
757 745 918 824 asperrima
939 757 1043 810 versat.
1156 757 1202 808 725

163 827 301 890 Bistonas
323 828 358 889 ad
380 827 502 890 meritos
520 847 589 891 cum
611 848 724 890 cornua
745 849 830 892 saeva
851 831 1010 919 Thyoneus

164 912 253 972 torsit
274 919 304 974 et
325 912 455 974 inlelix'
448 931 506 974 ram
526 914 607 975 mille
628 914 779 976 furoribus
801 914 940 992 Haemus,

83 1045 90 1058 .
164 997 223 1058 iam
244 997 403 1077 Rhodopes
425 1017 546 1060 nemora
567 998 624 1060 alta
646 1009 777 1078 gemunt,
799 1001 887 1064 talem
909 1002 998 1063 incita
1019 1002 1116 1082 longis

163 1081 329 1162 porticibus
350 1082 542 1161 coniunxque
562 1083 640 1163 fugit
660 1091 711 1146 nat
711 1084 781 1164 ique
802 1086 981 1166 Lycurgum.

252 1168 392 1230 Tartareo
413 1175 477 1230 tum
498 1187 580 1230 sacra
600 1168 661 1230 lovi
682 1170 850 1249 Stygiisque
870 1172 983 1234 ferebat
1156 1188 1202 1238 730

163 1251 300 1313 manibus
322 1252 472 1314 Alcimede
492 1259 573 1314 tanto
596 1272 687 1333 super
708 1255 793 1316 anxia
815 1263 894 1330 nato,

163 1337 262 1416 siquid
283 1337 320 1398 ab
342 1338 443 1400 excitis
465 1338 571 1400 melius
593 1349 802 1418 praenosceret
824 1340 946 1402 umbris.

162 1423 262 1502 ipsum
284 1422 372 1484 etiam
394 1423 533 1503 curisque
555 1443 658 1503 parem
678 1425 810 1504 talesque
831 1433 1016 1507 prementem

162 1507 253 1569 corde
273 1514 370 1570 metus
391 1509 482 1584 ducit,
504 1509 620 1570 facilem
643 1517 750 1585 umen,
772 1512 889 1572 Aesona
910 1512 1048 1574 coniunx.

162 1592 194 1653 in
217 1593 372 1654 scrobibus
394 1611 484 1654 cruor
505 1603 534 1656 et
555 1594 654 1673 largus
676 1595 899 1674 Phlegethontis
922 1598 1017 1676 operti
1153 1612 1199 1662 735

163 1683 280 1757 stagnat
300 1678 407 1752 honos,
430 1697 575 1757 saevoque
598 1689 680 1740 vocat
701 1681 863 1758 grandaeva
884 1682 1012 1744 tumultu

162 1762 312 1825 Thessalis
334 1763 483 1825 exanimes
505 1771 602 1824 atavos
624 1781 806 1842 magnaeque
829 1773 966 1844 nepotem

112 1865 116 1872 ’
161 1846 309 1910 Pleiones.
333 1854 362 1908 et
383 1848 440 1910 iam
462 1855 567 1908 tenues
589 1848 626 1909 ad
648 1849 777 1911 carmina
797 1849 896 1910 vultus

162 1933 307 1994 extulerat
327 1939 516 2011 maestosque
537 1939 625 1994 tuens
648 1942 809 2011 natumque
830 1953 1000 2014 nurumque

161 2019 231 2079 talia
251 2018 341 2079 libato
363 2017 510 2097 pandebat
531 2019 677 2097 sanguine
700 2019 857 2082 Cretheus:
1153 2035 1198 2086 ιιι)

163 2103 255 2164 ‘mitte
276 2111 383 2179 metus,
405 2103 482 2164 volat
503 2103 553 2165 ille
574 2104 648 2164 mari
670 2111 873 2184 quantumque
894 2105 1084 2185 propinquat,

162 2189 220 2249 iam
241 2187 335 2267 magis
355 2188 451 2267 adque
472 2189 565 2268 magis
587 2190 673 2251 variis
696 2197 795 2268 stupet
816 2192 876 2250 Aca
897 2190 1019 2251 deorum

101 2331 104 2336 .
162 2273 306 2353 prodigiis
328 2273 524 2352 quatiuntque
546 2280 645 2334 truces
668 2275 786 2334 oracula
809 2273 942 2336 Colchos.

161 2359 221 2420 heu
243 2358 352 2438 quihus
374 2357 539 2436 ingreditur
559 2357 643 2419 satist
666 2358 718 2436 qui
740 2358 877 2436 gentihus
898 2359 1007 2420 horror

161 2444 273 2524 pergitl
295 2461 365 2504 mox
386 2440 522 2522 Scythiae
544 2442 648 2522 spoliis
669 2443 856 2522 nuribusque
878 2443 1024 2522 superbus
1151 2439 1200 2508 145

162 2529 311 2604 adveniet;
335 2546 475 2608 cuperem
496 2528 560 2608 ipse
582 2547 683 2607 graves
705 2536 769 2590 tum
789 2547 929 2608 rumpere
951 2537 1054 2590 terras.

162 2615 214 2676 sed
235 2613 289 2674 tibi
310 2613 394 2674 triste
416 2614 499 2675 nefas
520 2613 712 2693 fraternaque
731 2614 868 2676 turbidus
890 2633 969 2676 uma

89 2762 93 2770 ,
161 2718 214 2761 rex
235 2706 320 2779 parat
341 2705 371 2760 et
392 2717 493 2760 saevos
515 2698 625 2760 irarum
647 2699 778 2778 concipit
798 2700 892 2778 ignes.

162 2785 236 2864 quin
258 2783 338 2863 rapis
359 2784 437 2844 hanc
458 2781 585 2845 animam
606 2791 636 2845 et
655 2783 782 2844 famulos
803 2783 880 2845 citus
901 2784 1006 2862 ellngis
1028 2782 1132 2847 artus?

162 2870 181 2945 i,
203 2887 289 2930 meus
311 2887 353 2943 es,
376 2868 434 2928 iam
455 2874 485 2928 te
506 2872 538 2930 ιἰι
559 2868 642 2928 lucos
663 2869 712 2948 pia
734 2867 819 2928 turba
841 2868 980 2928 silentum
1150 2883 1197 2936 750

162 2953 344 3033 secretisque
365 2953 423 3014 ciet
443 2952 566 3012 volitans
588 2960 672 3033 pater
694 2952 802 3014 Aeolus
824 2952 919 3014 arvis!

246 3037 371 3100 llorruit
389 3038 501 3099 interea
521 3037 664 3100 famulum
685 3039 813 3100 clamore
834 3056 973 3117 supremo

161 3131 272 3186 maesta
294 3125 408 3198 domus,
430 3141 590 3202 regemque
611 3124 711 3204 fragor
731 3141 786 3202 per
807 3124 923 3186 moenia
945 3122 1042 3184 differt

159 3209 241 3271 mille
264 3207 341 3270 ciere
363 3226 468 3270 manus
490 3215 520 3269 et
540 3209 597 3270 iam
619 3210 688 3271 dare
709 3209 788 3270 iussa
810 3209 928 3270 vocatis.
1118 3261 1121 3278 ,

157 3296 318 3373 flagrantes
338 3312 403 3355 aras
424 3301 594 3373 vestemque
616 3313 780 3372 nemusque
801 3294 937 3356 sacerdos
1104 3343 1106 3350 ,
1149 3306 1194 3357 755

158 3379 343 3460 praecipitat,
366 3378 531 3458 subitlsque
552 3398 662 3458 pavens
684 3377 884 3459 circumspicit
906 3379 1014 3455 deson,

161 3465 233 3544 quid
254 3470 377 3526 moveat
422 3482 509 3543 quam
530 3465 622 3526 multa
643 3465 689 3525 leo
712 3470 866 3525 cunctatur
887 3464 918 3525 in
941 3471 1002 3524 arta

126 3721 201 3774 rm
218 3720 326 3786 nepotes
342 3735 372 3781 π,
389 3693 495 3786 penates
513 3718 565 3770 Ba.
635 3718 693 3768 725.
711 3731 851 3784 regumque
876 3731 906 3781 ιι,
918 3729 1052 3781 rerumque
1068 3716 1108 3764 1²2·

152 3788 233 3840 terti
250 3733 453 3854 n,0e1upcA.
522 3787 579 3837 742.
598 3789 674 3851 stupe
691 3788 748 3836 acta
766 3785 798 3849 V,
823 3787 898 3850 stupe
920 3783 988 3835 lacta
1011 3783 1042 3848 P,
1063 3786 1150 3862 stupet

128 3797 330 3923 ’idstupp
266 3855 398 3924 etheay
418 3853 537 3918 Grth,
554 3855 606 3916 at).
683 3855 741 3906 ¹149.
759 3853 818 3904 hinc
843 3849 905 3905 MP.
977 3853 1035 3904 750.
1061 3850 1089 3902 in
1112 3851 1150 3916 M,

81 3938 126 3976 om.
146 3923 201 3976 VP.
248 3871 331 4024 pase
349 3927 481 3978 cunctatus
499 3937 528 3988 ιι,
544 3925 676 3974 cunctatur
695 3920 744 3973 Th.
