2792 4340
440 208 696 264 ARGONAVTACON
713 211 807 268 unuh
823 213 863 268 lli.

165 382 223 444 iste
245 382 323 444 diesi
347 381 425 444 saevi
447 381 565 461 capient
587 400 663 460 quae
686 383 791 462 gaudia
814 383 930 448 Colchil

165 486 228 528 non
251 467 282 528 hi
304 475 368 532 tum
390 467 492 541 flatus,
515 485 576 528 non
599 467 654 530 ista
676 468 814 548 superbia
836 470 931 544 dictis,

164 553 253 613 litore
276 570 345 612 cum
367 552 472 632 patric,
495 551 553 614 iam
574 552 637 614 vela
658 553 828 632 petentibus
848 555 967 630 austris,
1168 572 1214 622 τοο

164 644 293 698 cunctus
315 637 352 697 ad
373 637 495 698 Alciden
518 655 619 698 versus
640 639 736 700 lavor:
759 638 823 718 ipse
845 639 966 715 iuvaret,

162 723 231 802 ipse
253 721 337 784 ducis
360 741 446 782 curas
468 721 649 801 meritosque
671 724 784 784 subiret
805 724 944 786 honores.

162 807 263 868 iamne
284 805 400 880 animis,
423 806 480 866 iarn
502 816 590 885 gente
611 826 708 887 pares,
732 809 827 887 adque
849 809 949 870 inclita
972 811 1054 890 vulgi

162 889 306 952 dextera?
328 891 410 951 nulla
432 891 513 966 tides,
536 891 611 952 nulli
633 910 724 973 super
745 893 873 955 Hercule
895 894 1007 957 fletus?

162 995 248 1037 nunc
269 975 497 1051 Parthaonides‚
521 995 603 1037 nunc
626 977 684 1038 dux
706 977 779 1038 mihi
800 979 923 1040 Thracia
945 979 1070 1059 proles?
1164 995 1209 1046 705

161 1079 269 1140 aspera
291 1079 372 1122 nunc
394 1061 513 1140 pavidos
535 1069 638 1122 contra
659 1062 720 1123 ruit
741 1082 817 1146 agna
838 1063 963 1126 leones?

160 1147 242 1208 hanc
264 1163 319 1224 ego
341 1145 521 1225 magnanimi
544 1145 673 1225 spolium
695 1147 884 1227 Didymaonis
905 1150 1030 1226 hastam,

160 1249 242 1310 quae
264 1248 361 1308 neque
384 1231 441 1291 iem
462 1230 583 1292 frondes
604 1231 711 1294 virides
734 1251 789 1293 nec
811 1234 943 1313 proferet
965 1236 1095 1312 umbras,

159 1323 200 1376 ut
221 1315 311 1376 semel
334 1323 378 1375 est
400 1316 498 1376 evulsa
520 1315 597 1394 iugis
618 1335 652 1376 ac
673 1325 766 1378 matre
787 1325 940 1397 perempta

159 1400 221 1461 fida
242 1399 405 1460 ministeria
427 1409 456 1460 ct
478 1400 566 1460 duras
588 1401 651 1461 chit
671 1401 790 1463 horrida
812 1421 938 1482 pugnas,
1164 1419 1210 1469 710

161 1494 257 1546 testor
279 1492 308 1546 et
329 1485 386 1545 hoc
408 1485 499 1560 omni,
522 1486 637 1561 ductor,
660 1486 712 1547 tihi
735 1487 858 1549 numine
879 1489 981 1549 firmo:

163 1588 253 1649 saepe
274 1576 366 1644 metu,
388 1588 476 1649 saepe
499 1569 529 1630 iu
552 1571 635 1631 tonui
657 1571 828 1634 discrimine
849 1591 950 1634 rerum

161 1653 326 1715 Herculeas
348 1653 405 1715 iam
428 1673 512 1716 serus
533 1674 606 1734 opes
628 1656 780 1736 spretique
801 1657 917 1719 vocabis

161 1757 246 1800 arma
266 1739 331 1814 viri,
353 1758 409 1800 nec
432 1758 488 1799 uos
510 1740 622 1800 tumida
643 1741 715 1801 haec
737 1750 800 1801 tum
822 1741 897 1802 dicta
920 1738 1080 1804 iuvabunt?

209 1823 329 1884 Talibus
352 1824 491 1886 Aeacides
514 1825 611 1885 socios
633 1825 797 1886 terroribus
819 1844 952 1906 urguens

161 1908 329 1970 inlacrimat
349 1909 501 1987 multaque
523 1928 621 1970 comas
643 1910 786 1970 deformat
807 1911 926 1972 harena.

160 1995 223 2054 fata
244 1994 379 2069 trahunt,
402 2001 565 2074 ruptusque
586 1995 681 2055 virum
704 1994 864 2057 certamine
886 1995 991 2058 ductor

161 2078 226 2138 ibat
247 2086 276 2138 et
297 2086 417 2158 optenta
438 2079 587 2139 mulcebat
609 2080 720 2142 lumina
742 2080 827 2160 palla.

160 2163 214 2223 hic
235 2181 304 2223 vero
326 2162 439 2242 ingenti
461 2171 638 2244 repetuntur
659 2173 779 2243 pectora
800 2165 892 2239 luctu,

160 2254 199 2308 ut
220 2247 292 2307 socii
316 2248 418 2309 sedere
440 2248 514 2309 locis
537 2249 696 2328 nullaeque
718 2249 813 2309 leonis

160 2332 284 2393 exuviae
306 2332 439 2410 tantique
461 2342 563 2395 vacant
584 2333 704 2412 vestigia
728 2333 857 2393 transtri.

159 2419 215 2478 flet
236 2417 304 2496 pius
328 2418 482 2492 Aeacides,
505 2426 638 2478 maerent
659 2417 799 2478 Poeantia
821 2416 919 2492 corda,

161 2501 288 2580 ingemit
311 2510 340 2562 ct
362 2502 440 2563 dulci
463 2503 554 2564 irater
576 2522 644 2564 cum
668 2502 788 2564 Castore
810 2501 924 2564 Pollux.

159 2586 261 2647 omnis
283 2585 380 2647 adhuc
400 2596 483 2649 vocat
506 2587 627 2649 Alciden
649 2588 782 2668 fugiente
803 2586 911 2662 carina,

66 2684 72 2696 ¹
159 2671 261 2732 omnis
282 2671 387 2750 Hylan,
409 2671 506 2733 medio
528 2673 683 2752 pereuntia
705 2673 826 2734 nomina
848 2680 950 2752 ponto.

206 2755 260 2815 Dat
283 2756 389 2834 procul
410 2757 522 2818 interea
544 2765 605 2817 toto
627 2767 711 2837 pater
733 2775 862 2836 aequore
884 2757 1003 2834 signum

159 2840 294 2919 Phorcys
317 2847 346 2902 et
367 2841 500 2902 inmanes
522 2841 633 2902 intorto
655 2842 769 2902 murice
789 2842 900 2919 phocas

159 2925 311 2986 contrahit
332 2933 415 2986 antra
437 2935 558 3006 peteus;
582 2925 670 2986 simul
692 2935 721 2986 et
740 2925 884 3005 Massylus
907 2932 936 2986 et
957 2943 1017 2985 uua

159 3009 283 3089 Lyctius
305 3018 335 3070 et
357 3010 486 3072 Calabris
508 3010 585 3072 redit
605 3011 801 3071 armentarius
823 3009 908 3070 arvis.

159 3093 243 3155 ilicet
265 3095 387 3155 extremi
412 3114 470 3156 uox
492 3095 579 3156 litore
601 3095 678 3156 Solis
700 3095 825 3156 Hiberas

160 3179 294 3240 condidit
316 3178 372 3240 alta
394 3179 496 3241 domos
519 3189 548 3241 et
569 3180 664 3241 sidera
687 3181 807 3242 sustulit
828 3180 898 3240 axis.

157 3264 279 3324 flamina
301 3263 481 3340 conticuere,
504 3273 579 3326 tacet
601 3285 668 3326 cum
689 3266 808 3327 ilatihus
829 3281 949 3342 aequor.

160 3348 439 3429 Amphitryoniades
461 3368 517 3410 nec
538 3369 613 3429 quae
635 3370 710 3411 nova
731 3351 824 3411 lustra
844 3347 985 3426 requirat,

159 3453 218 3494 nec
241 3453 300 3512 quo
322 3442 446 3512 temptet
467 3435 539 3511 iter,
563 3435 678 3496 comitis
700 3435 834 3496 necleta
855 3433 1001 3512 perempti

160 3536 239 3596 quae
261 3519 378 3594 referat,
400 3519 487 3595 videt,
510 3528 560 3581 aut
581 3520 679 3580 socios
700 3538 758 3598 qua
780 3526 878 3579 mente
900 3517 1014 3578 revisat.

159 3603 222 3664 urit
243 3621 326 3664 arnor
348 3603 480 3683 solisque
503 3612 590 3684 negat
611 3606 752 3667 decedere
775 3603 863 3663 silvis.

139 3875 204 3928 732.
224 3873 337 3937 inccta,
356 3876 424 3924 tacet
442 3871 512 3926 Bur.
