2780 4350
424 229 680 284 ARGONAVTIGON
698 230 792 282 LlBllR
809 229 848 280 Vl.

177 386 296 448 foedera
317 387 425 448 donato
450 405 510 448 ncn
533 385 620 448 inrita
643 386 778 464 iungeret
799 405 882 447 aum.
911 409 915 417 ·

177 479 242 532 tum
263 471 397 533 iuvenem
420 472 507 534 terris
529 471 637 534 Parcae
657 479 780 532 tenuere
802 469 915 549 Cytaeis

177 575 212 618 ac
234 556 323 618 subiti
345 557 483 620 Mavortis
505 574 603 630 amem
626 555 713 616 simul
736 556 864 634 armiger
886 555 944 616 ibat

176 641 296 702 semivir
317 642 519 722 inpubemque
541 659 648 721 gerens
669 641 856 719 sterilemque
879 639 1034 702 iuventam.

178 727 242 807 ipse
264 726 438 806 pharetratis
460 727 594 788 residens
614 726 651 788 ad
670 727 754 786 trena
775 725 880 805 tapetis

181 829 262 872 nnnc
284 812 355 873 levis
377 813 484 874 inlesto
507 811 657 892 procurrit
678 811 709 871 in
732 811 847 889 agmina
870 830 971 887 curru,

180 915 261 958 nunc
281 897 350 977 luga
373 914 528 958 conversas
550 897 661 977 spargit
681 896 802 958 mentita
824 897 952 974 sagittas.

179 990 209 1042 at
229 981 351 1044 viridem
373 982 496 1062 gemmis
518 990 547 1043 et
569 1000 638 1044 eoae
660 981 784 1042 stamine
805 982 893 1044 silvae

180 1066 307 1145 subligat
328 1075 456 1128 extrema
478 1068 606 1146 patrium
628 1067 739 1128 cervice
761 1067 855 1128 tiaran

181 1151 308 1230 insignis
329 1152 462 1226 manicis,
486 1152 611 1233 insignis
633 1152 752 1213 acinace
774 1153 892 1222 dextm;

181 1236 306 1316 inpmba
327 1237 495 1299 barbaricae
516 1244 699 1317 procurrunt
718 1237 848 1314 tegmina
869 1235 994 1314 plantae.

182 1341 238 1383 nec
259 1323 372 1384 latuere
392 1322 442 1384 diu
464 1341 582 1384 saevum
604 1322 698 1401 spolia
719 1321 769 1382 illa
788 1323 915 1400 Syenen,

181 1425 297 1487 perque
317 1409 408 1470 levem
432 1415 461 1470 et
482 1408 575 1470 multe
596 1407 770 1469 maculatam
790 1406 904 1467 murice
928 1405 1018 1484 tigrin

181 1492 297 1554 concita
319 1493 420 1572 cuspis
441 1492 518 1566 abit;
542 1493 655 1554 subitus
677 1511 713 1552 ex
736 1510 787 1552 cre
808 1509 929 1553 cruores

181 1576 281 1639 saucia
302 1577 386 1657 tigris
408 1578 469 1638 hiat
489 1578 636 1657 vitamque
659 1578 782 1638 ellundit
804 1577 922 1648 erilem;

182 1661 247 1740 ipse
268 1681 343 1741 puer
364 1663 456 1724 lractc
478 1681 608 1742 pronum
630 1670 719 1742 caput
740 1661 861 1740 inplicat
883 1678 964 1721 arcu.

181 1748 326 1826 sanguine
348 1755 419 1807 tunc
441 1755 504 1807 atre
526 1747 655 1825 chlamys
677 1747 773 1824 ignea,
795 1745 939 1823 sanguine
961 1746 1058 1806 vultus

182 1840 212 1893 et
236 1832 368 1910 gravidae
390 1833 528 1893 maduere
551 1849 661 1905 comae,
685 1849 758 1908 quas
780 1830 853 1890 llere
876 1828 987 1890 Sabaeo

183 1917 327 1980 nutrierat
348 1916 520 1995 liquidoque
542 1934 650 1996 parens
672 1916 836 1994 signaverat
857 1932 939 1975 auro.

182 2003 298 2080 qualem
321 2002 415 2080 siquis
436 2002 521 2081 aquis
544 2011 573 2064 et
594 2001 699 2062 fertilis
721 2000 810 2064 ubere
834 2008 928 2060 terrae

183 2088 288 2148 educat
310 2106 343 2148 ac
366 2088 459 2150 ventis
482 2087 576 2150 oleam
597 2087 733 2148 felicibus
754 2086 866 2164 implet,

184 2191 240 2232 uec
262 2171 345 2234 labor
366 2173 516 2246 adsiduus
540 2192 595 2234 nec
617 2191 684 2251 spes
706 2190 758 2232 sua
781 2170 854 2232 lallit
875 2170 1011 2243 alentem,

184 2257 302 2333 iamque
323 2256 401 2317 videt
421 2256 547 2334 primam
568 2265 671 2320 tenero
694 2257 729 2316 de
752 2255 860 2316 vertice
880 2254 1032 2326 frondem3

184 2357 254 2400 cum
276 2339 374 2399 subito
396 2340 527 2402 inmissis
549 2359 691 2420 praeceps
713 2339 862 2417 aquilonia
884 2338 992 2401 nimbis

184 2423 265 2484 venit
285 2423 400 2503 hiemps
423 2424 566 2504 nigraque
588 2426 716 2487 evulsam
739 2425 832 2486 tendit
852 2426 978 2485 harena:

185 2509 264 2570 haud
286 2527 372 2570 secus
394 2517 462 2570 ante
484 2510 589 2572 urbem
610 2511 740 2591 Myraces
761 2511 857 2588 adque
879 2509 973 2589 ipsius
995 2515 1063 2570 ante

185 2594 306 2673 virginis
329 2612 380 2655 cra
403 2595 495 2670 cadit;
518 2597 570 2658 sed
592 2615 653 2657 nen
675 2595 770 2675 magis
791 2595 839 2656 illa
861 2601 995 2656 movetur

185 2680 275 2740 unius
298 2699 385 2759 aegra
406 2689 497 2755 metu,
521 2700 609 2760 quam
624 2690 663 2756 te,
686 2682 841 2758 Meleagre‚
863 2680 1021 2754 furentem,

186 2784 275 2843 quam
296 2766 418 2826 Talaum
440 2767 516 2826 videt
537 2775 587 2827 aut
609 2785 725 2844 pugnas
746 2765 871 2825 miratur
893 2763 1006 2836 Acasti;

186 2857 215 2912 at
237 2850 306 2912 satis
328 2851 383 2911 hos
405 2851 485 2929 ipsae
508 2858 610 2933 gentes
632 2850 788 2928 campique
809 2847 945 2908 videbant

186 2943 358 3014 tempestate
381 2935 444 3015 pari
466 2934 558 2996 versis
580 2934 751 2994 incumbere
772 2932 887 2993 turmis.

186 3028 255 3081 ante
277 3021 379 3081 occulos
400 3021 471 3099 luga
491 3021 577 3080 lueda
598 3020 708 3080 ducum
730 3019 890 3097 largusque
912 3016 1069 3078 cadentum

187 3105 210 3165 it
232 3123 322 3167 cruor
344 3113 372 3165 et
393 3123 499 3166 currus
522 3105 649 3166 dominis
671 3103 841 3184 ingentibus
864 3102 938 3163 orbi.

231 3189 296 3250 Nun
318 3190 387 3251 tulit
407 3191 462 3251 hcs
483 3190 589 3251 Perses
612 3191 738 3269 gemitus
759 3189 930 3266 clademque
953 3203 1075 3247 suorum

189 3282 330 3353 tergaque
351 3293 434 3336 versa
456 3284 543 3336 tuens
565 3275 611 3336 his
634 3275 747 3337 caelum
770 3272 924 3354 questibus
946 3271 1064 3351 implet:

186 3353 272 3438 ‘qnid
293 3378 340 3420 me
362 3360 418 3420 iam
440 3361 542 3438 patriis
564 3360 690 3421 eiectum
712 3359 840 3432 sedibus,
863 3357 932 3417 istas

190 3452 224 3505 ut
245 3453 390 3505 struerem
412 3463 528 3524 pugnas
551 3445 757 3524 Scythiamque
779 3445 809 3504 in
832 3443 908 3502 bella
929 3459 1086 3514 moverem,

189 3547 242 3590 vus
264 3529 374 3608 superi,
396 3547 448 3589 vos
469 3529 593 3608 augurio
616 3529 743 3590 iussistis
764 3525 868 3589 inani?

190 3613 263 3693 quid
282 3614 381 3675 fratris
402 3614 521 3675 meritas
543 3622 601 3688 tna,
624 3614 767 3694 luppiter,
791 3613 889 3674 cunina
911 3627 1022 3691 poenas

103 3751 413 3762 -—.-...—---—

175 3822 233 3872 706.
251 3818 287 3870 alt
304 3833 332 3880 π,
349 3817 444 3883 agite,
462 3815 514 3866 hiat
532 3812 566 3866 B.
636 3816 695 3866 723.
711 3813 763 3865 lere
781 3831 810 3880 π,
828 3818 899 3865 torva
920 3810 946 3874 0,
964 3809 1039 3861 loeda
1059 3805 1092 3860 B.

106 3889 167 3940 729.
185 3887 281 3939 lusistis
299 3884 344 3936 He.
415 3886 474 3936 730.
492 3888 545 3934 tum
563 3898 592 3948 π,
609 3886 653 3933 tua
672 3881 728 3935 Cas.
