2764 4340
545 1287 914 1362 PRAEFATIO.

652 1495 802 1504 ———-—-

251 1662 282 1724 C.
306 1639 439 1722 Valerius
461 1661 584 1724 Flaccus
612 1681 746 1736 carmon,
776 1663 857 1741 quod
886 1662 922 1724 de
944 1663 1180 1741 Argonautarum
1202 1681 1290 1741 expe-

161 1747 275 1810 ditione
296 1745 415 1826 scripsit
436 1746 626 1826 Apollonium
648 1746 796 1808 Rhodium
824 1747 968 1821 imitatus,
998 1747 1153 1809 incohasse
1177 1747 1292 1810 ridetur

160 1851 224 1894 non
252 1832 347 1892 multo
375 1839 443 1892 ante
470 1850 582 1893 annum
613 1851 643 1892 u.
667 1851 692 1894 c.
721 1831 921 1894 DCCCXXlll.
971 1840 1050 1894 certe
1085 1850 1120 1894 eo
1147 1851 1226 1892 anno
1255 1832 1289 1893 T.

161 1918 262 1980 Flavio
284 1916 463 1995 Vespasiano
491 1916 612 1979 tertium
633 1917 673 1978 tl.
696 1917 819 1978 Cocceio
842 1917 935 1977 Nerva
962 1915 1092 1995 primurn
1114 1934 1190 1978 coss.
1213 1917 1289 1980 reoi-

161 2003 233 2064 tavit
260 2001 378 2080 publice
406 2001 515 2062 librum
542 2001 690 2080 primum,
719 2002 805 2064 ouius
832 2001 864 2062 in
893 2000 1044 2081 prooemio
1076 2001 1165 2063 tantis
1188 2002 1291 2063 extulit

160 2087 298 2150 laudibus
327 2105 430 2166 paoem
458 2086 490 2147 in
519 2093 581 2146 toto
609 2095 755 2148 terrarmn
782 2086 856 2147 orbe
876 2105 893 2146 a
915 2086 1093 2165 Vespasiano
1115 2085 1288 2163 restitutam,

160 2172 365 2251 Hierosolyma
387 2190 403 2231 a
425 2171 491 2232 'lito
514 2179 695 2250 expugnata,
724 2172 854 2234 carmina
882 2191 898 2232 a
920 2171 1087 2234 Domitiano
1117 2171 1288 2250 composito,

161 2257 215 2337 qui
247 2275 319 2318 vana
347 2274 436 2335 quam
468 2264 645 2335 conceperat
676 2257 793 2336 imperii
825 2257 990 2335 occupandi
1017 2275 1072 2335 spe
1102 2257 1232 2318 deiectus
1255 2276 1289 2318 eo

161 2351 296 2421 tompore
323 2341 398 2402 mire
419 2341 574 2402 simulabat
595 2340 881 2420 poeticacstudium
911 2349 944 2400 ut
973 2341 1013 2401 ait
1041 2340 1202 2403 Suetonius
1230 2349 1290 2402 tam

161 2430 314 2490 insuetum
342 2433 427 2487 antea
455 2425 511 2486 sibi
544 2443 633 2504 quarn
662 2433 764 2504 postea
792 2433 924 2504 spretum
954 2433 983 2486 et
1004 2424 1159 2486 abiectum.
1203 2426 1289 2488 annis

161 2510 389 2591 insequentibus
404 2512 434 2572 in
451 2510 581 2572 camnine
596 2511 741 2572 exarando
756 2518 918 2589 occupatus
941 2518 1003 2572 erat
1016 2510 1158 2572 Valerius.
1187 2530 1291 2573 verum

162 2617 226 2660 non
247 2596 332 2658 licuit
360 2595 387 2656 ei
416 2615 492 2675 opus
514 2596 550 2656 ad
571 2595 745 2658 umbilicum
766 2603 799 2656 ut
821 2596 905 2658 aiunt
925 2596 1085 2669 adducere,
1114 2596 1166 2657 sed
1188 2596 1290 2658 imma·

161 2691 230 2743 tura
258 2687 291 2741 ut
318 2681 433 2743 videtur
461 2681 538 2742 circa
561 2699 673 2742 annmn
695 2701 725 2742 u.
748 2700 774 2742 o.
797 2680 998 2742 ccccxxxii
1028 2681 1167 2760 abreptus
1195 2689 1291 2742 morte

163 2766 296 2830 substitit
318 2765 349 2826 in
372 2765 449 2826 libro
471 2773 572 2826 octavo
594 2765 625 2826 in
649 2784 683 2826 ea
703 2765 842 2826 carminis
864 2772 957 2844 parte,
981 2784 1039 2843 qua
1061 2766 1097 2827 de
1112 2765 1290 2844 Argonautis

163 2853 196 2913 in
218 2851 315 2912 Peuce
345 2850 441 2911 insula
468 2869 485 2910 a
507 2850 640 2924 Colchis,
670 2851 722 2929 qui
743 2851 890 2928 fugientes
912 2850 1061 2928 porsecuti
1082 2857 1182 2923 erant,
1211 2851 1290 2911 obsi-

162 2936 253 2998 dione
280 2936 391 3014 pressis
420 2935 570 3014 exposuit,
599 2935 705 2995 ceteris
734 2954 811 3014 quae
838 2933 987 2996 restabant
1008 2933 1097 2995 rebus
1120 2936 1291 2997 enarrandis

162 3029 244 3083 certe
267 3021 351 3095 duos,
373 3020 497 3082 sortasse
519 3027 659 3099 quattuor
679 3020 751 3081 adeo
772 3019 865 3081 libros
878 3019 1063 3098 impleturus.
1086 3019 1292 3120 imperfectipn

164 3107 255 3185 igitur
276 3105 397 3184 reliquit
412 3124 530 3166 carmen
545 3123 644 3183 neque
666 3105 708 3166 eis
730 3124 803 3184 qrras
825 3104 953 3166 coniecit
972 3104 1107 3184 partibus
1129 3111 1291 3168 extremum

164 3189 351 3270 perpoliendi
379 3189 511 3251 adhibuit
538 3189 678 3252 laborem.
722 3191 807 3252 cuius
834 3190 878 3252 rei
905 3190 985 3251 haud
1010 3208 1105 3268 pauca
1133 3198 1233 3252 cutam
1259 3191 1291 3251 in

164 3275 371 3355 Argonauticis
399 3275 516 3337 indicia.
561 3274 652 3336 multa
679 3275 758 3337 enim
788 3275 891 3337 insunt
918 3275 1054 3336 incohata
1082 3275 1175 3354 magis
1203 3294 1291 3354 quam

162 3361 313 3434 absoluta,
343 3360 436 3420 multa
457 3360 627 3422 adumbrata
648 3361 748 3439 potius
770 3379 858 3439 quam
881 3360 1041 3436 elaborata,
1064 3361 1168 3422 insunt
1189 3379 1290 3421 narra-

162 3446 254 3506 tionis
276 3445 414 3520 lacunae,
444 3445 656 3508 sententiarum
684 3445 797 3519 hiatus,
827 3444 1048 3524 dittographiae.
1092 3445 1122 3506 id
1150 3446 1230 3524 quod
1259 3446 1290 3507 in

164 3539 266 3592 octavo
291 3529 450 3609 praecipue
472 3529 548 3591 libro
570 3530 639 3592 licet
660 3548 849 3610 cognoscere,
872 3530 903 3591 in
926 3549 986 3608 quo
1008 3531 1087 3592 haud
1107 3549 1218 3609 paucos
1240 3531 1290 3590 de-

165 3615 332 3695 prehendas
353 3615 436 3676 locos
459 3615 589 3690 hiantes,
617 3633 719 3676 versus
741 3615 816 3676 male
839 3634 946 3689 nexoS,
975 3615 1188 3677 sententiarum
1211 3615 1290 3676 ordi-

165 3719 234 3762 nem
263 3699 429 3775 turbatum,
459 3701 538 3761 unde
568 3701 697 3761 conicias
725 3707 842 3779 poetam
869 3700 959 3762 huius
988 3700 1080 3780 partis
1100 3699 1291 3760 fundamenta

164 3792 279 3855 tanturn
309 3786 451 3863 quaedam
480 3785 593 3846 iecisse.
637 3785 745 3864 quibus
775 3786 811 3846 dc
838 3786 927 3846 rebus
955 3805 1021 3847 cum
1043 3784 1209 3846 accuratius
1231 3785 1291 3845 dis-

164 3871 342 3950 putavissem
364 3870 395 3930 in
416 3869 516 3931 libello
538 3869 586 3930 cui
601 3869 740 3948 inscripsi
752 3863 889 3932 ‘Studien
905 3889 940 3929 zu
956 3870 1012 3931 den
1028 3869 1225 3949 Argonautica
1240 3869 1291 3929 des
