2792 4340
646 210 672 261 G.
692 208 809 261 vetunt
825 208 935 260 anoot

311 364 457 444 conspicit
479 363 639 426 Aesonium
662 364 750 442 longe
772 371 869 442 caput,
891 382 925 424 ac
946 363 1034 424 simul
1056 382 1138 426 acres

310 451 368 512 huc
391 449 494 510 oculos
516 467 682 527 sensusque
703 450 794 510 refert
815 449 1004 527 animumque
1025 450 1181 527 faventem,
1308 463 1346 514 500

310 552 391 596 5055
413 553 472 613 quo
495 553 527 594 se
548 542 673 613 raperet,
696 553 778 596 nnnc
799 553 859 613 quo
881 534 1013 595 diversus
1035 533 1138 610 abiret,

308 626 376 682 ante
397 618 508 692 videns,
531 626 663 697 quotque
684 638 764 680 unus
786 637 887 697 equos,
910 627 983 697 quot
1003 620 1142 680 funderet
1162 639 1255 696 arma,

309 711 500 782 errantesque
521 702 600 764 uiros
622 722 711 782 quam
733 703 831 765 densis
852 704 967 764 sisteret
988 705 1089 765 hastis.

309 807 426 870 «piraque
447 788 554 850 iterum
575 789 663 850 tacito
685 789 793 868 sparsit
813 807 884 868 vaga
906 788 1018 850 lumina
1039 789 1121 850 vultu

307 882 358 936 ant
378 873 476 936 fratris
498 891 644 952 quaerens
665 883 717 934 aut
737 874 815 954 pacti
837 873 973 952 coniugis
993 893 1083 949 arma,
1305 887 1343 938 555

308 977 410 1021 555555
432 958 472 1021 ihi
493 957 617 1020 miserae
639 960 781 1038 solusque
802 958 931 1020 occurrit
952 957 1058 1020 lason(

308 1053 380 1106 tunic
401 1043 448 1104 his
470 1061 638 1124 germanam
660 1045 838 1124 adgreditur,
861 1063 914 1104 ceu
937 1044 1046 1119 nescia,
1070 1045 1171 1106 dictis:

304 1121 395 1210 ‘quis
418 1147 534 1210 precor,
555 1129 615 1204 hic,
637 1138 699 1190 toto
722 1130 890 1190 iamdudum
912 1129 1025 1190 terrere
1048 1148 1151 1210 campo

281 1233 395 1296 0quem
417 1223 504 1277 tueor
525 1233 673 1294 quemque
694 1215 758 1294 ipsa
778 1211 879 1276 rides?
901 1232 969 1274 uam
991 1222 1019 1275 te
1042 1233 1163 1294 quoque
1184 1219 1235 1279 tali

307 1301 459 1363 attonitam
481 1301 588 1363 virtute
608 1295 695 1363 reor?
740 1308 843 1362 contra
864 1317 968 1377 aspera
989 1299 1065 1364 luno
1302 1313 1341 1362 500

309 1385 403 1448 reddit
424 1405 515 1465 agens
537 1386 665 1447 stimulis
685 1405 719 1446 ac
741 1385 813 1447 diris
833 1383 986 1444 fraudibus
1008 1393 1126 1463 urguet.

303 1465 424 1549 ‘ipsum'
448 1471 488 1531 ait
506 1465 687 1531 ‘Aesoniden
710 1471 817 1544 cernis,
839 1487 939 1543 soror,
960 1487 1090 1548 aequore
1111 1479 1193 1533 tanto

308 1554 404 1616 dehita
426 1555 543 1636 cognati
564 1555 671 1634 repetit
693 1555 744 1634 qui
766 1555 872 1616 vellera
893 1554 1003 1629 Phrixi,

306 1660 362 1702 nec
384 1661 466 1704 nune
488 1641 574 1720 laude
596 1642 680 1721 prior
700 1640 826 1719 generis,
849 1659 904 1700 nce
926 1639 1070 1718 sauguine
1092 1641 1262 1720 quisquam.

306 1727 423 1808 aspicis,
446 1736 479 1790 ut
499 1728 611 1808 Minyas
633 1727 710 1788 inter
732 1743 930 1805 proceresque
952 1725 1074 1803 Cytaeos
1302 1735 1340 1786 506

306 1813 411 1876 emicet
433 1815 576 1894 ell'ulgcns
598 1813 775 1893 quantisque
797 1810 917 1871 insultet
939 1810 1064 1883 aoemis;

306 1908 335 1960 ct
356 1900 413 1960 iam
435 1901 496 1962 vela
519 1898 606 1974 dabit,
629 1899 687 1960 iam
708 1897 793 1958 litora
815 1903 916 1956 nostra
937 1894 1094 1974 relinquet,

305 1985 472 2046 Thessaliae
494 1984 588 2044 felicis
609 2002 682 2062 opes
704 1982 867 2059 dilectaque
887 1979 995 2040 Phrixo

305 2086 373 2127 rura
395 2077 509 2146 petens.
555 2074 600 2127 eat
621 2074 709 2145 atque
731 2065 842 2126 utinam
865 2072 1044 2143 superetque
1065 2064 1181 2126 labores
1189 2060 1206 2126 l'
1281 2059 1315 2104 s

305 2159 417 2212 tantum
441 2151 523 2212 511555
545 2149 637 2229 magis
659 2150 770 2229 campis
793 2149 945 2210 intendere
966 2150 1078 2225 suadet,
1301 2162 1342 2213 600

305 2237 374 2297 dum
398 2237 491 2312 datam,
513 2235 710 2315 ardentesque
732 2235 787 2296 viri
809 2252 984 2314 percurrere
1005 2253 1131 2314 pugnas.

348 2323 384 2384 tt
406 2323 493 2384 simul
516 2323 591 2384 hauc
614 2320 708 2396 dictio,
731 2320 814 2382 illum
837 2321 888 2380 dea
911 2319 1001 2380 Marte
1024 2321 1154 2380 secundo

305 2406 413 2487 inpulit
433 2408 528 2487 adque
551 2425 640 2468 novas
662 2407 722 2484 egit
742 2403 798 2466 suh
821 2413 940 2484 pectora
961 2405 1046 2465 vires.

303 2508 354 2551 555
377 2491 432 2554 suh
455 2492 569 2553 excelso
592 2490 760 2570 iamdudum
782 2490 889 2552 vertice
912 2489 980 2550 coui

303 2594 385 2636 saera
407 2575 517 2636 micant
538 2591 688 2652 cursuque
709 2574 833 2634 ardescit
855 2594 910 2636 nec
924 2573 986 2649 tibi,
1009 2573 1109 2646 Perse,
1303 2586 1343 2636 605

303 2678 359 2719 nec
381 2658 443 2732 tihi,
466 2657 557 2736 virgo,
581 2657 666 2718 iubae
688 2658 818 2718 laetabile
841 2660 922 2720 sidus
944 2658 1079 2733 Achivae,
1188 2661 1193 2671 '

305 2763 373 2806 5555
394 2753 426 2806 55
448 2743 583 2806 autumni
606 2743 686 2814 55555
709 2742 841 2822 iratoque
862 2745 955 2805 receti

304 2830 341 2890 ah
362 2831 429 2891 love
450 2829 552 2892 fatales
575 2828 611 2890 ad
633 2847 724 2908 regna
746 2828 853 2890 iniusta
876 2835 1015 2890 cometae.

302 2933 357 2975 nec
380 2934 432 2976 sua
456 2913 613 2976 Crethiden
635 2914 719 2975 latuit
741 2915 793 2974 dea
815 2914 932 2992 vimque
953 2921 1103 2974 recentem

302 2999 391 3060 sentit
412 2999 458 3078 agi
480 2998 620 3060 memhris
642 3018 675 3060 ac
697 3017 729 3060 se
751 3017 842 3077 super
863 2999 978 3078 agmina
1003 2998 1088 3072 tollit,
1302 3011 1344 3062 610

302 3092 429 3162 quantus
452 3082 501 3143 uhi
525 3082 589 3160 ipse
612 3083 678 3160 gelu
701 3102 867 3162 magnoque
889 3083 1021 3144 incanuit
1043 3082 1136 3144 imhre

303 3169 448 3230 Caucasus
470 3175 499 3228 55
520 3186 648 3229 summas
669 3167 740 3228 abiit
761 3169 903 3230 hibernus
926 3168 956 3228 in
978 3176 1084 3230 arctos.

300 3261 372 3314 tunc
393 3272 480 3328 vero,
504 3251 626 3314 stabulis
649 3253 744 3331 qualis
765 3254 811 3314 leo
833 3253 923 3315 saevit
944 3253 1050 3332 opimis

300 3337 452 3399 luxurians
474 3338 645 3418 spargitque
666 3339 772 3400 famem
794 3347 945 3418 mutatque
968 3357 1099 3412 cruores,

300 3422 343 3483 sic
365 3442 461 3501 neque
484 3430 566 3503 parte
587 3424 670 3484 lerox
692 3442 747 3486 nec
769 3425 856 3486 caede
878 3431 1010 3486 moratur
1032 3423 1063 3484 in
1085 3441 1144 3484 una
1303 3437 1344 3488 615

299 3507 434 3568 turbidus
456 3508 547 3586 inque
570 3527 672 3569 omnes
694 3509 804 3588 pariter
824 3509 897 3570 15515
918 3528 952 3570 55
972 3509 1060 3569 modo
1086 3527 1171 3568 saevo

215 3640 304 3650 ——-—-.

282 3727 427 3780 tta-585
453 3725 548 3776 desunt
570 3729 599 3776 in
616 3725 653 3778 M.
740 3728 796 3780 583.
824 3731 975 3794 orantesque
994 3726 1032 3790 V,
1056 3726 1244 3794 horrentesque
1263 3749 1294 3798 φ,

215 3797 378 3860 errantesque
395 3793 467 3872 Sala,
485 3792 650 3872 palantesque
668 3795 701 3847 A,
727 3823 758 3834 -
782 3799 905 3848 sterneret
929 3794 1009 3846 hastis
1029 3793 1079 3846 CA.
1168 3797 1228 3850 591.
1250 3813 1297 3851 ur·

216 3862 314 3924 guerro?
383 3863 440 3914 603.
458 3861 543 3911 intulit
560 3877 588 3923 π,
606 3863 697 3926 inpulit
717 3861 768 3914 CA.
831 3866 889 3917 607.
909 3862 1028 3914 15555551
