2764 4340
127 223 162 275 lV
594 221 785 275 Pnnurnrro.

126 377 259 439 Valerius
273 371 405 438 Flaccus'
422 377 452 438 in
469 377 540 439 actis
554 377 717 439 academiae
731 377 969 438 Vindobonensis
980 395 1048 436 mox
1064 377 1257 457 publicando,

127 463 197 524 satis
219 463 308 523 habui
330 462 360 523 in
383 463 439 524 hoc
467 462 543 523 libro
571 463 643 523 tales
678 463 760 524 locos
790 463 834 523 vel
862 480 964 523 versus
991 469 1042 523 aut
1063 462 1165 542 paucis
1187 482 1254 524 ver·

126 548 172 609 bis
201 555 304 610 notare
331 554 382 608 aut
408 547 580 627 simpliciter
609 547 696 608 uncis
725 546 886 608 includere.
915 546 944 606 id
973 547 1052 625 quod
1074 556 1198 627 propter
1220 567 1253 609 ea

127 633 235 694 diserte
256 633 546 694 commemorandum
568 633 660 707 duco,
690 651 728 694 ne
756 631 823 710 quis
845 651 891 692 me
918 650 1021 692 versus
1049 632 1135 694 uncis
1157 633 1255 694 inclu-

127 736 176 778 sos
204 736 259 797 pro
290 717 453 779 subditiciis
483 717 621 778 babuisse
655 724 747 796 putet.
778 735 846 777 nam
873 716 1108 795 interpolationis
1137 717 1168 778 in
1196 719 1254 778 hoc

128 803 257 863 carmine
278 809 395 882 praeter
412 821 505 881 pauca
525 802 637 863 mediae
657 802 758 862 aetatis
779 801 1054 880 interpretamenta,
1077 791 1185 881 quibus
1202 821 1257 882 ge·

128 887 219 948 nuina
232 895 336 967 poetae
357 887 444 948 verba
462 886 583 966 expulsa
605 894 684 962 sunt,
707 905 764 947 nec
784 887 848 946 vola
870 887 989 966 adparet
1009 906 1065 948 nec
1087 885 1255 966 vestigium.

211 972 318 1034 Valerii
331 973 528 1051 Argonautica
538 979 648 1050 quanto
661 990 751 1051 opere
766 971 887 1050 probata
901 971 960 1033 sint
973 971 1009 1032 ab
1022 971 1203 1050 aequalibus,
1225 980 1258 1034 et

127 1057 325 1118 honorificum
345 1057 430 1118 docet
443 1056 616 1128 Quintiliani
636 1057 672 1118 de
694 1057 751 1117 hoc
770 1063 857 1136 poeta
871 1056 1012 1118 iudicium
1027 1057 1109 1133 (lnst.
1126 1075 1170 1117 or.
1184 1057 1255 1132 ΧΑ,

128 1144 179 1218 90)
199 1150 228 1203 et
247 1141 420 1220 permultae,
446 1161 521 1220 quae
541 1143 571 1203 in
586 1142 669 1203 Statii
692 1150 720 1203 et
735 1141 809 1216 Silii,
832 1142 882 1220 qui
904 1142 1004 1203 eadem
1022 1143 1084 1202 fere
1104 1148 1197 1202 aetate
1211 1141 1255 1201 vi-

127 1234 251 1302 xerunt,
269 1227 412 1306 poematis
439 1227 666 1306 conspiciuntur
685 1227 775 1287 buius
796 1227 934 1288 carminis
954 1226 1142 1288 imitationes.
1165 1235 1257 1305 atque

128 1311 158 1372 in
181 1311 283 1390 primis
303 1311 412 1372 Statius
434 1311 465 1373 in
488 1312 636 1374 Thebaide
659 1319 688 1373 et
710 1311 880 1386 Achilleide,
904 1311 999 1372 rarius
1021 1319 1055 1371 ut
1075 1331 1129 1390 par
1144 1320 1206 1373 erat
1220 1312 1253 1371 in

128 1395 214 1457 Silvis
235 1395 364 1475 plurima
387 1415 421 1457 ex
443 1396 664 1476 Argonauticis,
692 1396 782 1457 veluti
805 1395 1018 1475 descriptiones
1040 1397 1085 1457 vel
1113 1396 1258 1475 imagines

128 1482 159 1541 in
189 1500 276 1541 usum
303 1500 392 1542 suum
420 1481 564 1542 convertit
594 1489 622 1542 et
643 1480 807 1560 permultos
829 1481 911 1542 locos
933 1481 1026 1560 magis
1048 1481 1182 1542 minusve
1204 1498 1256 1541 ac·

130 1573 230 1627 curate
259 1567 399 1627 imitando
423 1566 575 1645 expressit.
620 1566 671 1626 sed
693 1565 907 1645 posterioribus
931 1565 1113 1645 temporibus
1136 1584 1253 1626 carmen

128 1650 313 1712 Valerianum
329 1651 496 1730 neglectum
517 1651 641 1712 iacuisse
663 1651 777 1712 videtur
799 1669 832 1712 ac
853 1659 1001 1730 tamquam
1023 1651 1082 1712 situ
1105 1651 1253 1712 obrutum.

128 1753 196 1796 nam
224 1735 302 1797 inter
330 1744 431 1816 poetas
453 1736 576 1797 secundi
599 1744 627 1797 et
648 1736 726 1798 tertii
749 1735 858 1797 saeculi
881 1737 1028 1798 neminem
1051 1736 1103 1814 qui
1125 1755 1160 1797 eo
1181 1754 1255 1796 usus

128 1828 205 1882 esset
226 1821 340 1896 inveni,
363 1821 440 1882 inter
461 1821 570 1883 saeculi
592 1821 689 1900 quarti
710 1829 813 1901 poetas
835 1820 1027 1884 Claudianum
1049 1828 1179 1894 tantum,
1202 1821 1255 1898 qui

128 1905 158 1966 in
187 1905 291 1985 primis
320 1906 351 1966 in
381 1907 509 1967 carmine
539 1908 574 1967 de
602 1914 689 1985 raptu
711 1905 907 1984 Proserpinae
934 1907 1012 1967 baud
1041 1924 1151 1984 paucos
1173 1903 1257 1965 locos

128 1991 163 2051 ad
185 1991 351 2070 exemplum
366 1991 552 2051 Valerianum
575 1991 775 2063 conformavit,
798 1997 827 2052 et
850 1990 1002 2052 Claudium
1016 1989 1141 2050 Marium
1155 1989 1259 2050 Victo·

127 2093 200 2136 rem.
222 2093 228 2104 ’
251 2074 324 2135 adde
352 2075 432 2153 quod
461 2075 561 2135 nullus
590 2074 796 2153 grammaticus
818 2075 1015 2153 Argonautica
1037 2074 1258 2135 commentariis

129 2159 300 2234 illustravit,
331 2159 431 2220 nullus
462 2160 533 2220 adeo
555 2160 644 2220 huius
667 2159 805 2221 carminis
826 2177 952 2238 usquam
973 2159 1043 2220 fecit
1063 2159 1257 2220 mentionem.

130 2244 202 2322 quid
223 2244 314 2324 igitur
335 2245 462 2319 mirum,
486 2245 511 2305 si
532 2244 637 2306 litteris
660 2244 824 2305 labantibus
847 2251 935 2322 atque
957 2244 992 2305 ad
1015 2243 1167 2304 interitum
1189 2261 1256 2305 ver·

128 2329 265 2408 gentibus
298 2348 391 2390 unum
423 2337 537 2391 tanturn
570 2330 601 2390 in
633 2330 758 2392 mediam
794 2338 916 2390 aetatem
944 2329 1078 2409 pervenit
1107 2329 1259 2408 exemplar

130 2414 293 2493 antiquum,
318 2415 397 2493 qnod
419 2434 434 2475 a
456 2415 608 2476 monachis
624 2433 659 2476 ex
673 2415 825 2476 Benedicti
847 2414 1006 2476 ordinent
1028 2413 1164 2496 conicere
1186 2414 1255 2474 licet

128 2499 159 2558 in
182 2499 363 2560 Britanniam
392 2507 480 2577 atque
501 2500 570 2561 inde
599 2499 629 2560 in
653 2499 839 2560 Germaniam
867 2506 1098 2578 transportatum
1121 2507 1173 2560 est.
1218 2517 1255 2558 ex

129 2602 163 2644 eo
186 2583 270 2644 lluxit
284 2583 375 2644 codex
388 2584 545 2645 Vaticanus
561 2586 601 2660 (n.
619 2584 846 2660 3277psaeeu10
862 2601 942 2644 nono
965 2602 981 2644 a
1003 2583 1098 2644 tribus
1120 2589 1257 2645 exaratus

128 2668 233 2730 scribis
261 2668 293 2728 in
324 2669 502 2730 monasterio
536 2669 663 2747 quodam
685 2668 876 2743 Germanico,
905 2686 964 2747 qno
996 2669 1032 2729 de
1060 2668 1161 2729 codice
1189 2667 1257 2728 vide

129 2772 204 2832 quae
236 2753 371 2833 exposuit
398 2753 484 2815 Thilo
514 2753 545 2814 in
581 2753 800 2833 prolegomenis
837 2753 958 2815 editioni
987 2753 1257 2832 Argonauticorum

129 2837 223 2914 (Halis
245 2839 311 2900 Sax.
334 2837 562 2916 MDCCCLXlll)
585 2839 729 2900 adiunctis
752 2841 792 2918 (p.
815 2837 865 2900 XL
889 2839 975 2917 squ).

214 2923 273 2984 lani
301 2941 369 2984 vero
398 2924 554 2985 Vaticanus
583 2925 715 2985 omnium
745 2924 796 3002 qui
825 2931 986 3003 supersunt
1014 2923 1158 2984 librorum
1185 2922 1257 2983 lons

129 3014 180 3082 est.
204 3017 397 3069 manaverunt
425 3009 503 3070 enim
534 3027 569 3069 ex
591 3027 626 3069 eo
649 3016 678 3069 et
699 3010 791 3070 codex
813 3008 862 3070 ille
883 3009 1020 3083 mutilus,
1051 3025 1139 3086 quem
1161 3007 1254 3067 Fran-

129 3093 225 3153 ciscus
255 3093 384 3172 Poggius
413 3111 493 3154 anno
523 3093 630 3154 Christi
657 3093 858 3154 uccccxvn
886 3093 916 3154 in
944 3091 1124 3154 monasterio
1154 3092 1256 3153 Sancti

129 3177 203 3238 Galli
225 3178 354 3252 invenit,
377 3186 406 3239 el
428 3185 579 3257 excerpta,
602 3196 677 3256 quae
700 3178 893 3243 continentur.
911 3177 985 3238 libro
1009 3177 1167 3238 Parisiensi
1190 3195 1255 3238 sae-

129 3262 189 3322 culi
210 3263 289 3323 tertii
312 3262 416 3323 decimi
439 3265 480 3339 (n.
505 3266 616 3338 7647),
639 3270 668 3324 et
690 3264 768 3323 hand
789 3263 875 3342 pauci
897 3263 1006 3324 saeculi
1029 3263 1124 3341 quinti
1148 3261 1254 3322 decimi

129 3347 244 3408 codices
274 3348 305 3407 in
328 3346 409 3408 ltalia
438 3347 539 3427 scripti
561 3354 649 3426 atque
679 3367 694 3409 a
718 3347 913 3426 grammaticis
935 3347 1043 3409 ltalicis
1064 3346 1253 3407 multifariam

128 3433 254 3493 correcti
277 3432 513 3512 interpolatique.
558 3433 635 3494 inter
666 3451 741 3511 quos
769 3433 942 3494 referendus
971 3448 1090 3512 quoque
1114 3438 1157 3492 est
1178 3431 1255 3492 liber

128 3516 177 3578 ille
201 3517 364 3592 Carrionis,
398 3518 445 3579 cui
476 3535 631 3597 perperam
659 3537 675 3579 a
711 3517 811 3579 multis
844 3517 1015 3579 hominibus
1048 3515 1140 3577 doctis
1172 3523 1253 3577 tanta

127 3601 236 3663 tributa
259 3610 303 3662 est
324 3603 490 3663 auctoritas.
536 3602 586 3663 sed
609 3621 677 3664 cnm
700 3603 820 3664 uberius
844 3605 878 3664 de
900 3603 936 3663 iis
958 3603 1047 3663 rebus
1070 3601 1167 3662 (heere
1191 3619 1251 3663 non

129 3686 166 3746 sit
188 3687 277 3748 huius
298 3686 372 3761 loci,
402 3695 430 3748 te
452 3688 489 3749 ad
511 3707 544 3748 ea
566 3688 681 3767 relego,
712 3707 787 3767 quae
817 3696 845 3749 et
866 3688 951 3748 Thilo
980 3687 1011 3748 in
1033 3685 1256 3766 prolegomenis

129 3775 169 3850 (p.
192 3771 285 3832 Lxssl
306 3775 383 3851 sqq.)
406 3780 435 3834 et
457 3791 511 3851 ego
533 3773 564 3832 in
587 3773 686 3833 libello
708 3773 766 3833 iam
788 3791 877 3852 supra
901 3778 1126 3833 commemorato
1150 3771 1255 3849 dispu-

129 3856 262 3917 lavimus
