2792 4340
515 815 551 908 C.
586 814 799 906 Vllldltl
832 813 1035 908 Flacci

423 960 1128 1103 lacoravrroor

577 1167 733 1234 LIBER
755 1169 967 1237 SEXTVS.

672 1357 875 1365 φῇ*-

300 1511 356 1622 At
376 1560 445 1640 vigil
466 1559 561 1620 isdem
582 1557 665 1618 ardet
686 1557 773 1618 luriis
795 1558 938 1619 Gradivus
959 1565 989 1619 et
1010 1559 1071 1620 acri

297 1647 386 1710 corde
407 1652 510 1720 tumet,
533 1662 588 1704 nec
610 1661 683 1722 quas
705 1643 791 1718 acies,
814 1662 888 1722 quae
911 1650 1006 1704 castra
1028 1652 1177 1723 sequatur,

298 1731 424 1805 invenit;
447 1731 491 1791 ire
512 1728 608 1809 placet
629 1728 748 1790 tandem
769 1747 971 1807 praesensque
992 1729 1085 1805 tueri,

299 1826 432 1878 sternere
454 1815 479 1876 si
500 1814 613 1894 Minyas
634 1831 802 1892 magnoque
823 1814 987 1892 rependere
1009 1813 1090 1875 luctu

299 1902 377 1982 regis
398 1908 483 1981 pacta
504 1907 592 1978 queat
614 1897 789 1976 Graiamque
810 1897 965 1958 absumere
986 1898 1105 1978 pubem·
1302 1900 1312 1947 5

300 1984 409 2065 inpulit
430 1983 500 2044 hinc
522 2001 638 2058 currus,
659 1989 826 2043 monstrum
848 1982 1044 2044 inrevocabile
1065 1982 1135 2044 belli

300 2068 484 2144 concutiens
507 2066 701 2146 Scythiaeque
722 2085 813 2146 snper
833 2067 960 2128 tentoria
981 2068 1067 2129 sistit.

298 2154 436 2235 protinus
457 2172 474 2214 e
496 2151 599 2213 castris
620 2152 696 2231 lugit
718 2170 824 2231 sopor;
848 2152 1028 2228 excitatem,

297 2238 406 2301 turbati
428 2238 525 2300 coiere
547 2237 652 2299 duces:
676 2238 730 2298 hos
753 2237 878 2317 insuper
900 2237 1005 2317 ingens

298 2327 374 2386 lama
395 2331 502 2400 moret,
524 2331 586 2384 rate
608 2341 683 2402 quae
705 2341 788 2383 sacra
808 2321 945 2401 vulgabat
966 2322 1090 2384 Achivos

298 2409 449 2470 advenisse
471 2408 518 2468 sui
539 2416 706 2488 repetentes
727 2407 835 2468 vellera
856 2407 966 2481 Phrixi,

299 2512 375 2572 quos
396 2493 491 2552 malus
513 2491 642 2571 hospitio
664 2493 823 2570 iunctaque
844 2493 880 2553 ad
901 2493 1021 2554 loedera
1043 2492 1144 2553 dextra

297 2576 402 2638 luserit
423 2579 527 2636 Aeetes
548 2577 644 2654 adque
666 2576 696 2636 in
719 2576 772 2636 sua
792 2577 913 2637 traxerit
933 2595 1021 2638 anna.

341 2661 431 2740 Ergo,
454 2660 585 2721 consiliis
607 2661 677 2722 dum
699 2679 758 2721 nox
779 2669 860 2722 vacat
882 2664 937 2723 alta
958 2661 1120 2736 movendis,
1354 2737 1355 2744 ἵ

298 2746 411 2826 legatos
432 2745 528 2825 placet
549 2746 592 2809 ire
613 2747 713 2821 duces,
734 2746 929 2826 mandataque
951 2746 1056 2808 Perses
1294 2745 1314 2795 ¹⁵
1354 2745 1355 2754 ’

299 2833 411 2906 edocet,
434 2831 525 2892 adfari
546 2832 660 2912 Minyas
680 2833 874 2910 fraudemque
894 2833 1012 2911 tyranni

300 2925 334 2978 ut
353 2923 502 2977 moneant.
548 2917 669 2995 quinam
690 2917 761 2977 hinc
783 2916 896 2978 animos
919 2916 1055 2977 averterit
1077 2914 1185 2977 error‘l

299 3020 331 3062 se
353 3001 481 3080 primum
503 3000 673 3061 Haemoniis
694 3002 843 3062 hortatum
866 3020 899 3061 33
920 3001 1027 3062 vellera
1048 3001 1136 3062 terris

302 3084 424 3146 reddere
446 3091 475 3144 et
497 3084 613 3146 erudas
635 3086 756 3165 pecudis
780 3086 925 3147 dimittere
947 3104 1061 3147 sacrae:

299 3169 369 3230 hinc
392 3167 492 3229 odium
515 3177 544 3230 et
564 3170 637 3230 tanti
659 3170 773 3231 venisse
795 3170 913 3231 exordia
934 3170 1013 3232 belli.
1294 3167 1317 3218 ²⁰
1353 3215 1354 3240 y

298 3253 372 3331 quin
390 3253 489 3330 potins
511 3255 701 3334 dextramque
723 3274 805 3315 suam
827 3273 939 3334 suaque
961 3275 1041 3316 arma
1067 3262 1235 3334 sequantur,

299 3344 349 3398 aut
370 3346 516 3413 remeent3
540 3359 637 3419 neque
659 3340 739 3401 enim
761 3341 867 3401 Aeetae
890 3341 1035 3419 promissa
1056 3340 1202 3419 fidemque

300 3440 364 3483 esse
387 3420 469 3496 loco;
492 3422 656 3486 abstineant
678 3425 789 3486 alienae
811 3424 955 3503 sanguine
977 3443 1104 3505 pugnae.

300 3526 361 3567 non
382 3505 449 3566 illos
470 3507 536 3568 ideo
558 3510 632 3571 tanti
652 3510 768 3571 venisse
790 3509 904 3570 labores

298 3609 353 3670 per
373 3591 472 3653 maris.
515 3592 624 3674 ignotis
646 3595 718 3674 quid
739 3613 815 3674 opus
837 3612 1016 3657 concurrere
1038 3613 1094 3656 nec
1117 3612 1193 3673 quos
1294 3591 1316 3644 25
1352 3631 1353 3660 t

214 3839 245 3904 V,
266 3775 403 3902 6{pupideri
419 3793 447 3841 π,
464 3774 528 3828 tueri
548 3774 646 3840 Otcfr.
664 3776 716 3841 Vll,
734 3779 803 3840 503).
855 3781 878 3829 5.
897 3793 1009 3844 puppem
1027 3795 1055 3844 π,
1072 3780 1167 3847 pubem
1184 3776 1208 3828 B
1225 3773 1279 3842 (cfr.
