2764 4340
408 233 662 288 suconavrlcou
680 235 774 288 LIBER
790 235 818 288 ll.

132 413 317 470 servantem:
340 413 439 468 manet
460 406 510 470 illa
531 408 594 469 viro
616 409 798 490 famulasque
819 411 921 492 fatigat

129 492 300 567 velleribus,
322 493 398 554 tardi
419 499 557 571 reputant
578 511 654 572 quae
675 502 807 575 tempora
828 496 898 558 belli

131 585 202 640 ante
223 584 323 638 torum
344 585 373 638 et
394 576 484 656 longo
504 579 637 640 mulcent
657 579 803 642 insomnia
825 599 929 662 penso.
1122 597 1167 648 llo

130 664 204 724 hiric
227 664 280 724 dea
301 681 369 724 cum
391 663 520 725 lacrimis
545 671 575 726 et
595 673 664 726 nota
683 684 755 727 voce
776 667 904 729 Neaerae

132 749 192 810 icta
214 766 304 826 genas
323 741 450 808 ‘utinam
471 767 533 810 non
555 750 604 811 bic
625 750 678 811 tibi
700 750 823 813 nuntius
846 765 949 828 essem,

132 853 151 894 o
174 851 269 909 soror,
292 840 342 894 aut
363 829 490 894 nostros’
513 834 611 913 inquit
629 830 726 915 ‘prius
747 837 826 898 unda
852 838 969 900 dolores

131 919 247 993 obruat,
270 917 302 978 in
323 918 373 978 tali
394 919 535 997 quoniam
555 920 608 981 tibi
629 927 762 1001 tempore
788 922 918 985 coniunx

131 1004 177 1065 sic
199 1003 328 1080 meritae,
351 1004 425 1064 votis
447 1023 536 1082 quem
557 1013 590 1066 tu
611 1005 742 1086 fletuque
763 1007 901 1086 requiris,
1122 1014 1164 1065 116

131 1090 191 1150 heu
212 1089 286 1149 furit
307 1096 336 1150 et
357 1089 602 1169 captae'indigno
623 1091 781 1154 famulatur
801 1111 910 1154 amore.

131 1175 251 1252 iamque
272 1174 398 1236 aderunt
419 1174 613 1254 thalamisque
633 1176 692 1237 tuis
713 1177 851 1239 Threissa
866 1179 1047 1259 propinquat

130 1277 193 1320 non
216 1259 320 1335 forma,
342 1277 403 1320 non
425 1266 487 1322 arte
508 1260 601 1336 culus,
625 1279 685 1322 non
708 1261 793 1323 laude
815 1263 938 1342 pudoris

129 1363 186 1424 par
206 1342 260 1404 tihi
282 1363 338 1406 nec
358 1344 458 1424 magni
480 1346 580 1424 proles
601 1346 751 1426 praeclara
770 1347 898 1428 Dorycli,

128 1430 209 1510 picta
229 1447 335 1490 manus
354 1437 482 1508 ustoque
503 1432 598 1511 placet
619 1432 671 1493 sed
689 1432 813 1494 ‘barbara
833 1441 943 1496 mento.
1121 1431 1165 1482 15⁰

128 1522 258 1576 attamen
280 1515 335 1575 hos
356 1514 420 1576 aliis
440 1515 541 1578 forsan
565 1517 696 1578 solabere
718 1537 804 1580 casus

129 1609 161 1662 tu
185 1599 320 1661 thalamis
340 1599 461 1678 latoque
481 1602 561 1682 leges
582 1603 704 1664 meliore
727 1611 864 1682 penates;

127 1704 177 1748 me
199 1691 250 1745 tua
271 1685 372 1746 matris
394 1703 484 1764 egens
505 1685 698 1765 damnataque
719 1688 815 1767 pelice
835 1689 935 1768 proles

128 1770 285 1844 exanimat,
301 1787 396 1847 quam
417 1771 474 1831 iam
495 1770 619 1832 miseros
640 1779 805 1833 transversa
826 1781 959 1834 tuentem

126 1855 291 1933 letalesque
313 1855 402 1934 dapes
424 1854 590 1934 iniectaque
611 1856 718 1936 pocula
739 1875 839 1919 cerno.
873 1903 875 1908 .
1118 1847 1162 1898 ¹⁵⁵

127 1941 190 2003 scis
210 1938 306 2001 simile
326 1947 360 2000 ut
380 1940 504 2002 dammis
524 1940 620 2002 simus
639 1959 750 2021 genus3
772 1942 845 2004 adde
867 1941 998 2003 cruentis

127 2025 212 2105 quod
233 2024 361 2104 patrium
382 2026 493 2088 saevire
514 2026 612 2088 Dahis.
656 2026 713 2090 iam
735 2028 810 2089 lacte
831 2027 937 2103 lorino,

127 2112 189 2172 iam
209 2110 307 2171 veniet
328 2110 430 2172 durata
451 2111 529 2190 gelu.
573 2113 625 2174 sed
646 2131 694 2174 me
715 2131 835 2192 qnoque
856 2111 972 2192 pulsam

127 2197 207 2256 lama
227 2195 300 2270 viro,
323 2203 501 2275 nostrosque
522 2203 604 2258 toros
624 2197 734 2276 virgata
754 2198 866 2260 tenebit

129 2288 159 2342 et
181 2280 313 2359 plaustro
335 2282 455 2360 derepta
477 2276 591 2342 nurus.³
636 2283 679 2343 sic
699 2282 757 2343 lata
778 2283 924 2361 querellas
1119 2279 1162 2330 160

128 2364 255 2426 abscidit
276 2372 305 2426 et
318 2365 406 2426 xcuris
427 2365 559 2446 pavidam
580 2367 767 2446 lacrimisque
787 2366 938 2445 relinquit.

128 2450 237 2512 transit
256 2451 292 2511 ad
313 2451 459 2530 Iphinoen
479 2451 632 2530 isdemque
654 2452 844 2532 Amythaonis
864 2450 967 2532 implet

130 2535 290 2613 Oleniique
312 2535 432 2598 domum
452 2537 555 2612 iuriis3
577 2544 668 2598 totam
690 2538 759 2600 inde
780 2555 834 2618 per
855 2536 959 2598 urbem

129 2627 280 2701 personat,
303 2628 336 2680 ut
358 2629 479 2683 cunctas
501 2623 611 2702 agitent
632 2623 780 2703 expellere
800 2623 923 2698 Lemno,

128 2706 188 2786 ipsi
210 2705 315 2766 urbem
336 2706 539 2786 Thressaeque
560 2715 672 2788 regant
718 2708 802 2769 dolor
822 2707 925 2786 iraque
937 2707 1050 2785 surgit.
1118 2703 1161 2756 165

130 2791 216 2853 obvia
238 2809 372 2869 quaeque
395 2793 494 2853 eadem
515 2792 662 2870 traditque
682 2790 831 2870 auditque,
854 2809 952 2869 neque
974 2792 1027 2851 ulli

113 2887 205 2938 'vana
226 2875 308 2936 fides.
352 2884 415 2938 tum
437 2895 508 2937 voce
530 2877 616 2952 deos,
631 2878 702 2938 'tum
723 2873 1031 2954 questibusimplent,

129 2962 232 3022 oscula
253 2960 369 3040 iamque
389 2961 469 3022 toris·
484 2961 579 3040 adque
598 2959 701 3022 ¹oscula
722 2961 857 3040 postibus
878 2960 951 3040 ipsis

129 3045 314 3126 ingeminant
334 3045 521 3126 lacrimisque
543 3047 649 3108 iterum
670 3046 795 3126 visuque
815 3053 996 3108 morantur·

129 3131 291 3213 prosiliunt
311 3150 366 3192 nec
387 3136 461 3194 tuctu
482 3131 577 3192 virum
598 3131 800 3211 thalamosque
821 3132 953 3194 revisunt
1117 3138 1161 3190 116

129 3217 273 3298 amplius;
295 3216 495 3294 adglomerant
516 3235 581 3279 sese
595 3218 750 3296 ⁴nudisque
772 3217 828 3278 sub
850 3217 936 3278 astris

115 3523 172 3574 139.
190 3521 307 3573 litoribus
325 3537 353 3586 u,
370 3517 506 3571 velleribus
525 3519 556 3572 A.
638 3522 694 3572 141.
712 3522 784 3572 veste
801 3536 834 3585 π,
858 3535 923 3572 voce
939 3517 990 3574 He.
1062 3522 1117 3572 148.

53 3583 111 3640 fama
128 3607 157 3648 π,
179 3589 258 3642 lorma
277 3607 306 3658 φ.
377 3591 433 3640 161.
451 3587 515 3638 tales
532 3603 565 3653 π,
584 3587 639 3640 aliis
657 3585 708 3640 He.
781 3589 837 3642 166.
856 3583 950 3640 directa
968 3605 1003 3653 u,
1020 3588 1118 3655 direpta

53 3651 100 3722 132,
117 3657 222 3725 derepta
241 3657 289 3708 Vo.
360 3653 415 3708 161.
439 3655 541 3721 reliquit
558 3655 593 3709 B.
665 3659 720 3709 166.
738 3656 866 3723 trahitque
882 3673 917 3722 π,
933 3657 1060 3724 traditque
1078 3657 1118 3708 rt.

127 3729 181 3779 161.
198 3740 250 3777 una
268 3741 301 3790 n,
317 3739 382 3781 vana
401 3721 445 3775 Pl.
463 3751 497 3761 -
520 3727 574 3775 tum
601 3725 754 3790 (questibus)
779 3723 810 3788 P,
835 3741 885 3777 om.
906 3721 969 3785 VM,
987 3729 1014 3776 et
1030 3741 1064 3777 m.
1084 3751 1118 3762 -

53 3789 116 3844 Ante
143 3797 190 3847 110
214 3809 318 3844 versum
344 3792 474 3843 eacidiase
497 3795 668 3844 statuendum
693 3799 739 3853 cst;
764 3794 854 3844 eadem
878 3809 920 3843 res
943 3798 982 3842 est
1005 3809 1027 3843 o.
1055 3794 1117 3859 178,

53 3860 224 3926 ubtoffbnds't
242 3864 339 3912 omissa
363 3861 500 3927 particula
521 3855 589 3926 ‘que'
599 3899 605 3924 ,
630 3863 684 3911 uisi
706 3861 778 3922 forte
794 3863 930 3926 auspicari
948 3861 1011 3911 licet
1034 3866 1118 3913 totum
1185 3853 1199 3904 ὗ

53 3924 115 3981 bunc
143 3932 231 3982 locum
258 3945 275 3980 o
291 3935 373 3997 poeto.
386 3929 515 3980 ‘nondum
529 3927 680 3997 perfectum
697 3936 724 3980 et
741 3931 907 3981 emendatum
923 3927 1014 3990 subse.
