2780 4350
168 249 227 314 131
592 255 617 307 c.
636 253 754 306 vanna]
772 253 882 308 rancor

251 411 331 474 haut·
345 411 415 473 satis
437 418 490 484 est,
514 411 565 471 sed
586 429 633 471 me
656 410 719 490 ipsa
742 427 827 488 opus,
851 417 880 472 et
902 409 1070 470 cunctantia
1093 415 1225 488 poscunt

249 504 369 578 pectora
390 515 438 557 me
459 495 625 573 dubiusque
647 496 757 574 pudor:
779 495 837 555 iam
858 495 976 556 foedera
997 494 1064 555 laxo

250 581 370 643 Aesonii
392 587 472 660 petat
492 581 556 659 ipsa
579 581 631 641 viri
654 587 822 658 metuatque
843 579 961 640 morari.

248 674 282 728 tu
304 667 367 727 lace
388 665 528 727 luciferae
550 665 625 725 citus
647 666 684 726 ad
705 664 826 726 delubra
847 664 955 725 Dianae

249 751 391 827 deveniat,
414 768 511 812 sacras
532 750 617 811 solita
638 758 683 812 est
702 749 754 810 ubi
775 749 900 811 sundere
921 749 1019 811 taedas

251 835 368 898 Colchis
390 843 419 896 et
440 834 554 914 aequali
577 835 724 897 dominam
746 835 872 896 lustrare
894 843 1017 896 caterva.

249 939 305 982 nec
325 928 355 983 te
377 939 459 982 nunc
480 919 604 982 Hecates
626 919 730 982 subeat
749 927 856 995 metue,
878 928 929 980 aut
949 937 1014 980 mea
1034 919 1110 980 forte

250 1004 389 1084 impediat
412 1024 450 1066 ne
473 1013 576 1084 coepta
597 1004 677 1066 time.
721 1004 794 1083 quin
816 1004 922 1066 audeat
943 1011 1028 1083 opto:

249 1089 392 1151 continuo
414 1089 550 1151 transibit
571 1108 663 1165 amor,
686 1097 833 1167 cantuque
854 1088 988 1166 trilingui

248 1174 343 1254 ipsam
363 1174 553 1236 flammiferos
574 1192 678 1254 cogam
699 1192 879 1253 conpescere
900 1181 1001 1234 tauros

250 1259 477 1340 amplexumque
498 1252 578 1340 pati.²
622 1259 771 1320 volucrem
792 1258 868 1320 luno
890 1257 995 1338 aspicit
1016 1256 1077 1318 hin

248 1343 443 1423 festinamque
465 1345 546 1406 iubet
566 1343 686 1406 monitis
707 1361 811 1422 parere
831 1342 941 1404 llione's

249 1434 278 1489 et
299 1428 435 1489 iuvenem
457 1429 617 1490 Aesonium
639 1427 787 1508 praedicto
809 1428 913 1489 sistere
934 1427 1012 1488 luco.

249 1511 387 1591 protinus
408 1513 479 1573 hinc
500 1511 555 1573 his
577 1512 699 1591 Minyas,
723 1513 864 1592 Cytherea
885 1511 986 1592 petivit

252 1595 404 1670 Colchida3
428 1596 581 1658 Caucaseis
604 1597 782 1676 speculatrix
803 1597 878 1658 luno
900 1595 1008 1657 resedit

247 1680 382 1761 rupibus,
405 1682 545 1743 attonitos
565 1685 659 1743 Aeaea
680 1681 711 1742 in
733 1681 850 1743 moenia
871 1681 968 1742 vultus

156 1759 160 1770 ”
249 1785 362 1847 speque
382 1775 523 1846 metuque
544 1775 649 1829 tenens
671 1774 701 1827 et
720 1765 817 1828 adhuc
838 1766 939 1844 ignara
959 1764 1061 1827 futuri.

290 1851 344 1912 Vix
366 1852 475 1932 primas
496 1851 610 1913 occulta
632 1851 732 1913 Venus
754 1858 945 1931 prospexerat
965 1867 1057 1924 arces,

248 1936 370 2014 virginis
391 1955 460 1998 ecce
482 1955 575 1998 novus
597 1945 726 1998 mentem
747 1936 948 2016 perstringere
969 1929 1096 2014 languor

247 2020 368 2100 incipit;
390 2021 575 2099 ingeminant
596 2021 748 2082 commotis
770 2020 924 2099 questibus
945 2027 1053 2080 aestus.

248 2121 320 2184 ergo
341 2105 449 2167 iterum
470 2123 575 2165 sensus
597 2105 692 2166 varios
715 2124 805 2185 super
827 2105 943 2184 hospite
964 2105 1083 2165 volvens

247 2197 359 2251 maeret
380 2197 409 2250 ct
430 2189 543 2251 absenti
565 2190 746 2269 nequiquam
768 2190 835 2251 talia
855 2191 948 2250 latur:
1040 2257 1042 2262 ,

243 2269 275 2334 ‘o
297 2273 350 2335 tibi
372 2275 548 2337 Thessalicis
571 2293 652 2336 nunc
674 2275 699 2335 si
720 2283 771 2336 tua
791 2276 867 2336 lorte
887 2273 1009 2335 venenis

247 2368 340 2421 mater
361 2367 390 2421 et
411 2361 480 2435 heu,
503 2361 588 2439 siqua
610 2368 663 2428 est,
686 2368 786 2439 posset
808 2376 982 2420 succurrere
1003 2357 1150 2420 coniunx!

249 2444 355 2523 quidve
376 2452 444 2505 tuos
465 2444 548 2523 virgo
570 2444 682 2523 possim
704 2445 762 2505 nisi
783 2444 854 2506 llere
876 2440 1015 2505 labores?

248 2528 305 2587 hoc
327 2527 413 2601 satis3
436 2529 500 2606 ipsa
523 2529 609 2588 etiam
630 2547 711 2590 cocus
732 2536 865 2609 spectare
887 2545 1042 2608 supremos

249 2611 344 2688 adque
365 2611 474 2672 itemm
496 2612 587 2671 durae
608 2629 697 2690 cogar
718 2631 817 2674 comes
837 2613 881 2674 ire
903 2609 1021 2674 sorori‘l

248 2702 279 2756 et
301 2713 381 2756 nunc
403 2695 453 2757 ille
474 2714 528 2756 sua
550 2714 610 2756 non
634 2714 811 2775 quemquam
833 2707 912 2758 sorte
933 2695 1054 2770 moveri,

249 2798 310 2840 non
333 2780 428 2842 ullum
449 2780 618 2843 meminisse
640 2789 733 2861 putat,
755 2800 883 2861 cumque
905 2781 1042 2842 omnihus
1065 2780 1126 2840 odit

247 2883 295 2926 me
317 2883 446 2944 quoque.
490 2866 635 2945 siquando
657 2867 747 2928 fuerit
766 2874 864 2928 tamen
885 2866 945 2928 ulla
967 2871 1105 2946 potestas,

248 2947 331 3009 illum
353 2969 418 3029 ego,
441 2951 494 3029 qui
515 2950 586 3012 diris
609 2950 684 3011 cinis
706 2951 827 3013 ultimus
848 2951 974 3012 haeserit
996 2950 1081 3023 arvis,

247 3050 383 3112 ossaque,
406 3034 473 3112 quis
494 3034 570 3095 tauri
592 3052 754 3115 saevusque
775 3035 942 3116 pepercerit
962 3035 1049 3114 ignis,

233 3285 290 3362 116.
308 3299 324 3335 o
343 3299 374 3337 us
391 3288 430 3336 est
449 3284 476 3336 0.
529 3287 586 3338 18³.
605 3285 727 3352 impediat
744 3299 776 3337 ne
793 3286 912 3338 aetatime
929 3302 964 3350 π,
981 3300 1013 3336 ne
1030 3281 1151 3353 impediat
1169 3298 1235 3336 nunc

163 3352 220 3402 acta
237 3353 299 3402 tune
317 3299 344 3416 d,
360 3351 483 3418 impediat
500 3367 533 3404 ne
550 3358 640 3420 coepta
657 3354 718 3405 time
737 3353 783 3407 He.
865 3355 921 3406 186.
939 3352 1108 3419 amplexuque
1124 3351 1190 3418 petit
1205 3367 1234 3417 rr,

162 3417 332 3486 amplexuque
347 3419 401 3486 peti
419 3419 446 3486 0,
463 3420 660 3488 amplexumque
676 3420 730 3490 pati
746 3419 789 3474 Be.
803 3449 838 3459 —
854 3421 887 3472 In
905 3421 1041 3473 codicibus
1059 3422 1108 3485 qua·
1124 3419 1235 3486 Pompo-

163 3487 205 3535 nii
221 3485 302 3538 Laeti
316 3487 429 3549 tameat
444 3488 508 3539 lh'ue
524 3490 596 3541 inter
614 3491 662 3542 185
681 3495 707 3541 et
726 3490 775 3542 186
792 3505 820 3539 sc
838 3489 885 3540 boe
902 3504 1008 3554 aarum,
1036 3488 1132 3554 quibus
1149 3487 1235 3539 codex

164 3552 282 3632 delictas
298 3558 438 3607 restitutus
455 3562 528 3636 “f‘f’
545 3559 677 3608 inueniam
694 3556 773 3607 dicit:
798 3560 875 3623 atque
891 3571 987 3636 novam
1004 3557 1117 3624 segetem
1135 3554 1235 3636 ardenti

163 3619 1236 3760 3333333353533351303333551333,

162 3754 225 3836 luno
243 3755 313 3812 Bur.
389 3761 446 3813 187.
463 3757 637 3828 festinansque
653 3777 683 3825 π,
699 3759 868 3826 festinamque
887 3759 913 3812 0.
990 3762 1047 3814 198.
1066 3758 1199 3821 sithiu,
1218 3775 1233 3811 o

163 3823 209 3874 trbr
226 3821 289 3878 Solo.
368 3829 426 3881 201.
446 3841 521 3880 casus
537 3827 574 3892 B,
599 3843 650 3881 om.
668 3843 696 3879 n.
713 3855 748 3866 -
765 3827 842 3879 Hunc
859 3842 964 3879 versum
980 3831 1009 3879 in
1030 3827 1059 3880 V
1071 3827 1234 3893 sequiturei

162 3889 224 3942 mihi
241 3906 274 3943 ne
291 3908 365 3946 casus
383 3895 459 3947 etiam
477 3899 592 3961 spectare
610 3908 757 3962 supraemos
776 3893 837 3959 (oft.
855 3897 924 3960 236).

1247 1605 1296 1658 leo

1241 2451 1290 2501 200
