<?xml version="1.0" encoding="UTF-8"?>
<!DOCTYPE html PUBLIC "-//W3C//DTD XHTML 1.0 Transitional//EN"
    "http://www.w3.org/TR/xhtml1/DTD/xhtml1-transitional.dtd">
<html xmlns="http://www.w3.org/1999/xhtml" xml:lang="en" lang="en">
 <head>
  <title>
</title>
<meta http-equiv="Content-Type" content="text/html;charset=utf-8" />
  <meta name='ocr-system' content='tesseract 3.04.00' />
  <meta name='ocr-capabilities' content='ocr_page ocr_carea ocr_par ocr_line ocrx_word'/>
</head>
<body>
  <div class='ocr_page' id='page_1' title='image "./cvaleriflaccise00flacgoog_0171.png"; bbox 0 0 2780 4350; ppageno 0'>
   <div class='ocr_carea' id='block_1_1' title="bbox 601 207 890 260">
    <p class='ocr_par' dir='ltr' id='par_1_1' title="bbox 601 207 890 260">
     <span class='ocr_line' id='line_1_1' title="bbox 601 207 890 260; baseline -0.003 -1"><span class='ocrx_word' id='word_1_1' title='bbox 601 209 629 260; x_wconf 88' lang='lat' dir='ltr'>G.</span> <span class='ocrx_word' id='word_1_2' title='bbox 647 207 764 259; x_wconf 72' lang='lat' dir='ltr'>vetunt</span> <span class='ocrx_word' id='word_1_3' title='bbox 779 207 890 259; x_wconf 73' lang='lat' dir='ltr'>mucci</span> 
     </span>
    </p>
   </div>
   <div class='ocr_carea' id='block_1_2' title="bbox 269 363 1318 3514">
    <p class='ocr_par' dir='ltr' id='par_1_2' title="bbox 269 363 1186 1722">
     <span class='ocr_line' id='line_1_2' title="bbox 270 363 1047 445; baseline -0.003 -19"><span class='ocrx_word' id='word_1_4' title='bbox 270 368 300 442; x_wconf 88' lang='lat' dir='ltr'>(o</span> <span class='ocrx_word' id='word_1_5' title='bbox 322 365 447 445; x_wconf 81' lang='lat' dir='ltr'>pudori)</span> <span class='ocrx_word' id='word_1_6' title='bbox 471 371 499 426; x_wconf 92' lang='lat' dir='ltr'>et</span> <span class='ocrx_word' id='word_1_7' title='bbox 519 383 622 425; x_wconf 89' lang='lat' dir='ltr'>muros</span> <span class='ocrx_word' id='word_1_8' title='bbox 643 371 673 424; x_wconf 89' lang='lat' dir='ltr'>et</span> <span class='ocrx_word' id='word_1_9' title='bbox 694 363 799 424; x_wconf 85' lang='lat' dir='ltr'>stantia</span> <span class='ocrx_word' id='word_1_10' title='bbox 821 370 896 424; x_wconf 82' lang='lat' dir='ltr'>tecta</span> <span class='ocrx_word' id='word_1_11' title='bbox 918 365 1047 443; x_wconf 86' lang='lat' dir='ltr'>reliquit.</span> 
     </span>
     <span class='ocr_line' id='line_1_3' title="bbox 270 447 1160 529; baseline -0.001 -17"><span class='ocrx_word' id='word_1_12' title='bbox 270 451 341 529; x_wconf 92' lang='lat' dir='ltr'>quid</span> <span class='ocrx_word' id='word_1_13' title='bbox 363 450 435 511; x_wconf 87' lang='lat' dir='ltr'>mihi</span> <span class='ocrx_word' id='word_1_14' title='bbox 457 450 562 511; x_wconf 89' lang='lat' dir='ltr'>deinde</span> <span class='ocrx_word' id='word_1_15' title='bbox 584 447 676 510; x_wconf 82' lang='lat' dir='ltr'>satis?</span> <span class='ocrx_word' id='word_1_16' title='bbox 699 468 755 510; x_wconf 88' lang='lat' dir='ltr'>neo</span> <span class='ocrx_word' id='word_1_17' title='bbox 776 467 886 528; x_wconf 85' lang='lat' dir='ltr'>quaero</span> <span class='ocrx_word' id='word_1_18' title='bbox 908 449 1029 524; x_wconf 87' lang='lat' dir='ltr'>vellera,</span> <span class='ocrx_word' id='word_1_19' title='bbox 1053 469 1109 512; x_wconf 88' lang='lat' dir='ltr'>nee</span> <span class='ocrx_word' id='word_1_20' title='bbox 1130 459 1160 511; x_wconf 91' lang='lat' dir='ltr'>te</span> 
     </span>
     <span class='ocr_line' id='line_1_4' title="bbox 272 534 1007 615; baseline -0.001 -18"><span class='ocrx_word' id='word_1_21' title='bbox 272 535 394 615; x_wconf 77' lang='lat' dir='ltr'>accipio,</span> <span class='ocrx_word' id='word_1_22' title='bbox 419 554 565 613; x_wconf 80' lang='lat' dir='ltr'>germana,</span> <span class='ocrx_word' id='word_1_23' title='bbox 588 536 698 608; x_wconf 88' lang='lat' dir='ltr'>datem;</span> <span class='ocrx_word' id='word_1_24' title='bbox 722 553 777 595; x_wconf 91' lang='lat' dir='ltr'>neo</span> <span class='ocrx_word' id='word_1_25' title='bbox 798 534 926 596; x_wconf 91' lang='lat' dir='ltr'>loederis</span> <span class='ocrx_word' id='word_1_26' title='bbox 947 536 1007 596; x_wconf 90' lang='lat' dir='ltr'>ulla</span> 
     </span>
     <span class='ocr_line' id='line_1_5' title="bbox 270 620 1122 701; baseline -0.001 -19"><span class='ocrx_word' id='word_1_27' title='bbox 270 641 338 701; x_wconf 90' lang='lat' dir='ltr'>spes</span> <span class='ocrx_word' id='word_1_28' title='bbox 361 621 416 681; x_wconf 87' lang='lat' dir='ltr'>erit</span> <span class='ocrx_word' id='word_1_29' title='bbox 436 628 486 681; x_wconf 88' lang='lat' dir='ltr'>aut</span> <span class='ocrx_word' id='word_1_30' title='bbox 506 621 567 682; x_wconf 81' lang='lat' dir='ltr'>itae</span> <span class='ocrx_word' id='word_1_31' title='bbox 589 621 744 699; x_wconf 86' lang='lat' dir='ltr'>quisquam</span> <span class='ocrx_word' id='word_1_32' title='bbox 766 620 881 681; x_wconf 90' lang='lat' dir='ltr'>modus.</span> <span class='ocrx_word' id='word_1_33' title='bbox 926 621 995 682; x_wconf 91' lang='lat' dir='ltr'>inde</span> <span class='ocrx_word' id='word_1_34' title='bbox 1015 620 1122 682; x_wconf 86' lang='lat' dir='ltr'>reverti</span> 
     </span>
     <span class='ocr_line' id='line_1_6' title="bbox 270 704 1123 786; baseline -0.002 -18"><span class='ocrx_word' id='word_1_35' title='bbox 270 706 362 786; x_wconf 89' lang='lat' dir='ltr'>patris</span> <span class='ocrx_word' id='word_1_36' title='bbox 385 706 421 766; x_wconf 90' lang='lat' dir='ltr'>ad</span> <span class='ocrx_word' id='word_1_37' title='bbox 442 725 494 766; x_wconf 87' lang='lat' dir='ltr'>ora</span> <span class='ocrx_word' id='word_1_38' title='bbox 515 705 573 767; x_wconf 91' lang='lat' dir='ltr'>mei</span> <span class='ocrx_word' id='word_1_39' title='bbox 594 713 654 766; x_wconf 85' lang='lat' dir='ltr'>tam</span> <span class='ocrx_word' id='word_1_40' title='bbox 675 723 764 784; x_wconf 86' lang='lat' dir='ltr'>parvo</span> <span class='ocrx_word' id='word_1_41' title='bbox 786 705 818 765; x_wconf 91' lang='lat' dir='ltr'>in</span> <span class='ocrx_word' id='word_1_42' title='bbox 840 713 974 786; x_wconf 88' lang='lat' dir='ltr'>tempore</span> <span class='ocrx_word' id='word_1_43' title='bbox 994 707 1039 767; x_wconf 89' lang='lat' dir='ltr'>sas</span> <span class='ocrx_word' id='word_1_44' title='bbox 1060 704 1123 766; x_wconf 84' lang='lat' dir='ltr'>sit?</span> 
     </span>
     <span class='ocr_line' id='line_1_7' title="bbox 270 790 1078 872; baseline 0.001 -21"><span class='ocrx_word' id='word_1_45' title='bbox 270 791 483 872; x_wconf 84' lang='lat' dir='ltr'>quinquaginta</span> <span class='ocrx_word' id='word_1_46' title='bbox 505 792 618 852; x_wconf 88' lang='lat' dir='ltr'>animae</span> <span class='ocrx_word' id='word_1_47' title='bbox 639 810 687 852; x_wconf 85' lang='lat' dir='ltr'>me</span> <span class='ocrx_word' id='word_1_48' title='bbox 708 790 821 852; x_wconf 83' lang='lat' dir='ltr'>scilieet</span> <span class='ocrx_word' id='word_1_49' title='bbox 841 810 960 870; x_wconf 87' lang='lat' dir='ltr'>unaque</span> <span class='ocrx_word' id='word_1_50' title='bbox 981 809 1078 852; x_wconf 84' lang='lat' dir='ltr'>mersa</span> 
     </span>
     <span class='ocr_line' id='line_1_8' title="bbox 270 875 970 956; baseline -0.003 -18"><span class='ocrx_word' id='word_1_51' title='bbox 270 877 396 938; x_wconf 86' lang='lat' dir='ltr'>sulfioiet</span> <span class='ocrx_word' id='word_1_52' title='bbox 417 877 533 956; x_wconf 83' lang='lat' dir='ltr'>plaeere</span> <span class='ocrx_word' id='word_1_53' title='bbox 555 875 648 938; x_wconf 82' lang='lat' dir='ltr'>ratis‘l</span> <span class='ocrx_word' id='word_1_54' title='bbox 670 884 709 950; x_wconf 81' lang='lat' dir='ltr'>te,</span> <span class='ocrx_word' id='word_1_55' title='bbox 732 875 853 937; x_wconf 77' lang='lat' dir='ltr'><strong>Graecia</strong></span> <span class='ocrx_word' id='word_1_56' title='bbox 874 877 970 952; x_wconf 78' lang='lat' dir='ltr'>fallax,</span> 
     </span>
     <span class='ocr_line' id='line_1_9' title="bbox 270 961 1186 1043; baseline 0 -20"><span class='ocrx_word' id='word_1_57' title='bbox 270 980 435 1043; x_wconf 90' lang='lat' dir='ltr'>persequor</span> <span class='ocrx_word' id='word_1_58' title='bbox 457 963 551 1041; x_wconf 87' lang='lat' dir='ltr'>adque</span> <span class='ocrx_word' id='word_1_59' title='bbox 573 961 632 1023; x_wconf 93' lang='lat' dir='ltr'>tuis</span> <span class='ocrx_word' id='word_1_60' title='bbox 654 962 735 1021; x_wconf 90' lang='lat' dir='ltr'>hune</span> <span class='ocrx_word' id='word_1_61' title='bbox 757 979 864 1040; x_wconf 89' lang='lat' dir='ltr'>quasso</span> <span class='ocrx_word' id='word_1_62' title='bbox 886 961 1042 1023; x_wconf 88' lang='lat' dir='ltr'>moenibus</span> <span class='ocrx_word' id='word_1_63' title='bbox 1065 961 1186 1040; x_wconf 85' lang='lat' dir='ltr'>iguern;</span> 
     </span>
     <span class='ocr_line' id='line_1_10' title="bbox 271 1047 1091 1125; baseline -0.002 -16"><span class='ocrx_word' id='word_1_64' title='bbox 271 1067 326 1109; x_wconf 88' lang='lat' dir='ltr'>neo</span> <span class='ocrx_word' id='word_1_65' title='bbox 348 1047 401 1108; x_wconf 88' lang='lat' dir='ltr'>tibi</span> <span class='ocrx_word' id='word_1_66' title='bbox 423 1047 520 1125; x_wconf 84' lang='lat' dir='ltr'>digna,</span> <span class='ocrx_word' id='word_1_67' title='bbox 543 1066 638 1123; x_wconf 83' lang='lat' dir='ltr'>seror,</span> <span class='ocrx_word' id='word_1_68' title='bbox 661 1048 763 1107; x_wconf 83' lang='lat' dir='ltr'><strong>desum</strong></span> <span class='ocrx_word' id='word_1_69' title='bbox 785 1047 821 1108; x_wconf 92' lang='lat' dir='ltr'>ad</span> <span class='ocrx_word' id='word_1_70' title='bbox 843 1047 970 1107; x_wconf 79' lang='lat' dir='ltr'>conubia</span> <span class='ocrx_word' id='word_1_71' title='bbox 991 1048 1091 1107; x_wconf 82' lang='lat' dir='ltr'>trater.</span> 
     </span>
     <span class='ocr_line' id='line_1_11' title="bbox 270 1132 1163 1213; baseline -0.001 -19"><span class='ocrx_word' id='word_1_72' title='bbox 270 1133 384 1213; x_wconf 90' lang='lat' dir='ltr'>primus</span> <span class='ocrx_word' id='word_1_73' title='bbox 407 1139 437 1193; x_wconf 92' lang='lat' dir='ltr'>et</span> <span class='ocrx_word' id='word_1_74' title='bbox 458 1152 527 1194; x_wconf 87' lang='lat' dir='ltr'>eoee</span> <span class='ocrx_word' id='word_1_75' title='bbox 547 1134 610 1194; x_wconf 81' lang='lat' dir='ltr'>lero</span> <span class='ocrx_word' id='word_1_76' title='bbox 633 1132 793 1211; x_wconf 89' lang='lat' dir='ltr'>quatioque</span> <span class='ocrx_word' id='word_1_77' title='bbox 814 1132 891 1192; x_wconf 88' lang='lat' dir='ltr'>haue</span> <span class='ocrx_word' id='word_1_78' title='bbox 912 1132 1044 1212; x_wconf 89' lang='lat' dir='ltr'>lampada</span> <span class='ocrx_word' id='word_1_79' title='bbox 1065 1140 1163 1193; x_wconf 90' lang='lat' dir='ltr'>vestro</span> 
     </span>
     <span class='ocr_line' id='line_1_12' title="bbox 269 1216 938 1298; baseline 0 -20"><span class='ocrx_word' id='word_1_80' title='bbox 269 1217 420 1298; x_wconf 77' lang='lat' dir='ltr'>coniugio,</span> <span class='ocrx_word' id='word_1_81' title='bbox 442 1219 558 1298; x_wconf 88' lang='lat' dir='ltr'>primus</span> <span class='ocrx_word' id='word_1_82' title='bbox 581 1218 697 1279; x_wconf 82' lang='lat' dir='ltr'>celebro</span> <span class='ocrx_word' id='word_1_83' title='bbox 720 1216 825 1278; x_wconf 87' lang='lat' dir='ltr'>dotalia</span> <span class='ocrx_word' id='word_1_84' title='bbox 847 1237 938 1292; x_wconf 82' lang='lat' dir='ltr'>seem,</span> 
     </span>
     <span class='ocr_line' id='line_1_13' title="bbox 271 1303 1090 1384; baseline 0 -20"><span class='ocrx_word' id='word_1_85' title='bbox 271 1304 322 1383; x_wconf 95' lang='lat' dir='ltr'>qui</span> <span class='ocrx_word' id='word_1_86' title='bbox 344 1303 444 1384; x_wconf 90' lang='lat' dir='ltr'>potui;</span> <span class='ocrx_word' id='word_1_87' title='bbox 467 1303 577 1382; x_wconf 80' lang='lat' dir='ltr'>patriae</span> <span class='ocrx_word' id='word_1_88' title='bbox 599 1303 713 1364; x_wconf 86' lang='lat' dir='ltr'>veniam</span> <span class='ocrx_word' id='word_1_89' title='bbox 736 1303 780 1377; x_wconf 89' lang='lat' dir='ltr'>da,</span> <span class='ocrx_word' id='word_1_90' title='bbox 803 1321 922 1381; x_wconf 82' lang='lat' dir='ltr'>quaeso,</span> <span class='ocrx_word' id='word_1_91' title='bbox 946 1310 1090 1364; x_wconf 73' lang='lat' dir='ltr'>senectae.</span> 
     </span>
     <span class='ocr_line' id='line_1_14' title="bbox 271 1387 1083 1468; baseline 0.001 -19"><span class='ocrx_word' id='word_1_92' title='bbox 271 1389 344 1467; x_wconf 91' lang='lat' dir='ltr'>quin</span> <span class='ocrx_word' id='word_1_93' title='bbox 367 1408 469 1449; x_wconf 88' lang='lat' dir='ltr'>omnes</span> <span class='ocrx_word' id='word_1_94' title='bbox 491 1389 549 1463; x_wconf 86' lang='lat' dir='ltr'>alii,</span> <span class='ocrx_word' id='word_1_95' title='bbox 573 1387 682 1467; x_wconf 90' lang='lat' dir='ltr'>pariter</span> <span class='ocrx_word' id='word_1_96' title='bbox 703 1389 895 1468; x_wconf 88' lang='lat' dir='ltr'>populusque</span> <span class='ocrx_word' id='word_1_97' title='bbox 916 1395 1083 1468; x_wconf 85' lang='lat' dir='ltr'>patresque,</span> 
     </span>
     <span class='ocr_line' id='line_1_15' title="bbox 270 1473 1032 1552; baseline 0 -18"><span class='ocrx_word' id='word_1_98' title='bbox 270 1492 387 1534; x_wconf 88' lang='lat' dir='ltr'>meeum</span> <span class='ocrx_word' id='word_1_99' title='bbox 409 1475 525 1534; x_wconf 83' lang='lat' dir='ltr'><strong>adsunt.</strong></span> <span class='ocrx_word' id='word_1_100' title='bbox 569 1473 667 1551; x_wconf 82' lang='lat' dir='ltr'>magni</span> <span class='ocrx_word' id='word_1_101' title='bbox 688 1473 770 1552; x_wconf 85' lang='lat' dir='ltr'>virgo</span> <span class='ocrx_word' id='word_1_102' title='bbox 793 1493 831 1534; x_wconf 91' lang='lat' dir='ltr'>ne</span> <span class='ocrx_word' id='word_1_103' title='bbox 853 1473 934 1552; x_wconf 77' lang='lat' dir='ltr'>regia</span> <span class='ocrx_word' id='word_1_104' title='bbox 953 1473 1032 1535; x_wconf 89' lang='lat' dir='ltr'>Solis</span> 
     </span>
     <span class='ocr_line' id='line_1_16' title="bbox 271 1558 985 1638; baseline 0.001 -19"><span class='ocrx_word' id='word_1_105' title='bbox 271 1558 424 1619; x_wconf 87' lang='lat' dir='ltr'>Haemonii</span> <span class='ocrx_word' id='word_1_106' title='bbox 445 1558 587 1619; x_wconf 82' lang='lat' dir='ltr'>thalamos</span> <span class='ocrx_word' id='word_1_107' title='bbox 608 1558 693 1619; x_wconf 87' lang='lat' dir='ltr'>adeas</span> <span class='ocrx_word' id='word_1_108' title='bbox 715 1558 851 1638; x_wconf 79' lang='lat' dir='ltr'>despecta</span> <span class='ocrx_word' id='word_1_109' title='bbox 872 1558 985 1632; x_wconf 81' lang='lat' dir='ltr'>mariti,</span> 
     </span>
     <span class='ocr_line' id='line_1_17' title="bbox 270 1637 1010 1722; baseline 0 -18"><span class='ocrx_word' id='word_1_110' title='bbox 270 1652 314 1704; x_wconf 95' lang='lat' dir='ltr'>tot</span> <span class='ocrx_word' id='word_1_111' title='bbox 335 1644 434 1704; x_wconf 78' lang='lat' dir='ltr'><strong>decuit</strong></span> <span class='ocrx_word' id='word_1_112' title='bbox 456 1644 562 1704; x_wconf 88' lang='lat' dir='ltr'>ooiisse</span> <span class='ocrx_word' id='word_1_113' title='bbox 584 1652 670 1718; x_wconf 87' lang='lat' dir='ltr'>rates,</span> <span class='ocrx_word' id='word_1_114' title='bbox 694 1650 737 1704; x_wconf 91' lang='lat' dir='ltr'>tot</span> <span class='ocrx_word' id='word_1_115' title='bbox 757 1644 872 1722; x_wconf 80' lang='lat' dir='ltr'>fulgere</span> <span class='ocrx_word' id='word_1_116' title='bbox 892 1637 1010 1704; x_wconf 71' lang='lat' dir='ltr'>taedas.²</span> 
     </span>
    </p>

    <p class='ocr_par' dir='ltr' id='par_1_3' title="bbox 269 1729 1318 3514">
     <span class='ocr_line' id='line_1_18' title="bbox 312 1729 1122 1809; baseline -0.001 -19"><span class='ocrx_word' id='word_1_117' title='bbox 312 1729 430 1790; x_wconf 77' lang='lat' dir='ltr'>Dixerat</span> <span class='ocrx_word' id='word_1_118' title='bbox 450 1737 539 1807; x_wconf 86' lang='lat' dir='ltr'>atque</span> <span class='ocrx_word' id='word_1_119' title='bbox 560 1737 624 1790; x_wconf 86' lang='lat' dir='ltr'>orat</span> <span class='ocrx_word' id='word_1_120' title='bbox 645 1729 771 1809; x_wconf 79' lang='lat' dir='ltr'>supplex</span> <span class='ocrx_word' id='word_1_121' title='bbox 791 1735 954 1808; x_wconf 87' lang='lat' dir='ltr'>ventosque</span> <span class='ocrx_word' id='word_1_122' title='bbox 975 1729 1122 1808; x_wconf 83' lang='lat' dir='ltr'>virosque,</span> 
     </span>
     <span class='ocr_line' id='line_1_19' title="bbox 270 1813 1113 1894; baseline -0.002 -18"><span class='ocrx_word' id='word_1_123' title='bbox 270 1834 383 1894; x_wconf 83' lang='lat' dir='ltr'>perque</span> <span class='ocrx_word' id='word_1_124' title='bbox 404 1815 475 1875; x_wconf 86' lang='lat' dir='ltr'>ratis</span> <span class='ocrx_word' id='word_1_125' title='bbox 496 1833 654 1894; x_wconf 89' lang='lat' dir='ltr'>remosque</span> <span class='ocrx_word' id='word_1_126' title='bbox 676 1814 782 1875; x_wconf 87' lang='lat' dir='ltr'>iterum</span> <span class='ocrx_word' id='word_1_127' title='bbox 804 1833 859 1873; x_wconf 87' lang='lat' dir='ltr'>vox</span> <span class='ocrx_word' id='word_1_128' title='bbox 881 1815 937 1876; x_wconf 86' lang='lat' dir='ltr'>alta</span> <span class='ocrx_word' id='word_1_129' title='bbox 959 1813 1113 1893; x_wconf 69' lang='lat' dir='ltr'>magistri:</span> 
     </span>
     <span class='ocr_line' id='line_1_20' title="bbox 270 1899 1129 1980; baseline -0.001 -20"><span class='ocrx_word' id='word_1_130' title='bbox 270 1899 312 1960; x_wconf 90' lang='lat' dir='ltr'>illi</span> <span class='ocrx_word' id='word_1_131' title='bbox 334 1907 431 1960; x_wconf 90' lang='lat' dir='ltr'>autem</span> <span class='ocrx_word' id='word_1_132' title='bbox 454 1901 626 1980; x_wconf 80' lang='lat' dir='ltr'>intorquent</span> <span class='ocrx_word' id='word_1_133' title='bbox 646 1899 760 1960; x_wconf 82' lang='lat' dir='ltr'>truncis</span> <span class='ocrx_word' id='word_1_134' title='bbox 782 1899 1129 1972; x_wconf 64' lang='lat' dir='ltr'>nundentonam,</span> 
     </span>
     <span class='ocr_line' id='line_1_21' title="bbox 270 1984 1021 2064; baseline -0.001 -19"><span class='ocrx_word' id='word_1_135' title='bbox 270 2004 405 2064; x_wconf 89' lang='lat' dir='ltr'>quaeque</span> <span class='ocrx_word' id='word_1_136' title='bbox 427 1985 474 2046; x_wconf 89' lang='lat' dir='ltr'>die</span> <span class='ocrx_word' id='word_1_137' title='bbox 495 1985 591 2044; x_wconf 82' lang='lat' dir='ltr'>fuerat</span> <span class='ocrx_word' id='word_1_138' title='bbox 611 1985 717 2062; x_wconf 87' lang='lat' dir='ltr'>raptim</span> <span class='ocrx_word' id='word_1_139' title='bbox 738 1984 862 2044; x_wconf 84' lang='lat' dir='ltr'>formata</span> <span class='ocrx_word' id='word_1_140' title='bbox 883 1985 939 2044; x_wconf 89' lang='lat' dir='ltr'>suh</span> <span class='ocrx_word' id='word_1_141' title='bbox 961 2003 1021 2045; x_wconf 92' lang='lat' dir='ltr'>uuo</span> 
     </span>
     <span class='ocr_line' id='line_1_22' title="bbox 271 2069 971 2131; baseline -0.001 -1"><span class='ocrx_word' id='word_1_142' title='bbox 271 2077 299 2130; x_wconf 90' lang='lat' dir='ltr'>et</span> <span class='ocrx_word' id='word_1_143' title='bbox 320 2076 433 2130; x_wconf 89' lang='lat' dir='ltr'>tantum</span> <span class='ocrx_word' id='word_1_144' title='bbox 457 2070 567 2130; x_wconf 83' lang='lat' dir='ltr'>deiecta</span> <span class='ocrx_word' id='word_1_145' title='bbox 589 2069 651 2130; x_wconf 91' lang='lat' dir='ltr'>suis</span> <span class='ocrx_word' id='word_1_146' title='bbox 673 2088 690 2129; x_wconf 88' lang='lat' dir='ltr'>a</span> <span class='ocrx_word' id='word_1_147' title='bbox 710 2069 861 2130; x_wconf 90' lang='lat' dir='ltr'>montibus</span> <span class='ocrx_word' id='word_1_148' title='bbox 883 2070 971 2131; x_wconf 86' lang='lat' dir='ltr'>arhor</span> 
     </span>
     <span class='ocr_line' id='line_1_23' title="bbox 271 2152 1118 2234; baseline 0 -18"><span class='ocrx_word' id='word_1_149' title='bbox 271 2154 354 2233; x_wconf 83' lang='lat' dir='ltr'>(quid</span> <span class='ocrx_word' id='word_1_150' title='bbox 377 2155 461 2214; x_wconf 88' lang='lat' dir='ltr'>dolor</span> <span class='ocrx_word' id='word_1_151' title='bbox 482 2161 511 2214; x_wconf 89' lang='lat' dir='ltr'>et</span> <span class='ocrx_word' id='word_1_152' title='bbox 531 2162 664 2216; x_wconf 88' lang='lat' dir='ltr'>veterum</span> <span class='ocrx_word' id='word_1_153' title='bbox 685 2152 783 2234; x_wconf 92' lang='lat' dir='ltr'>potuit</span> <span class='ocrx_word' id='word_1_154' title='bbox 804 2173 865 2215; x_wconf 92' lang='lat' dir='ltr'>uon</span> <span class='ocrx_word' id='word_1_155' title='bbox 888 2155 930 2215; x_wconf 88' lang='lat' dir='ltr'>ira</span> <span class='ocrx_word' id='word_1_156' title='bbox 951 2153 1118 2232; x_wconf 68' lang='lat' dir='ltr'>ruerunt)</span> 
     </span>
     <span class='ocr_line' id='line_1_24' title="bbox 270 2239 1162 2320; baseline 0.001 -20"><span class='ocrx_word' id='word_1_157' title='bbox 270 2241 348 2302; x_wconf 88' lang='lat' dir='ltr'>haud</span> <span class='ocrx_word' id='word_1_158' title='bbox 370 2241 467 2320; x_wconf 84' lang='lat' dir='ltr'>longis</span> <span class='ocrx_word' id='word_1_159' title='bbox 489 2241 546 2301; x_wconf 89' lang='lat' dir='ltr'>iam</span> <span class='ocrx_word' id='word_1_160' title='bbox 568 2240 655 2302; x_wconf 88' lang='lat' dir='ltr'>distat</span> <span class='ocrx_word' id='word_1_161' title='bbox 676 2239 776 2319; x_wconf 84' lang='lat' dir='ltr'>aquis,</span> <span class='ocrx_word' id='word_1_162' title='bbox 800 2240 993 2319; x_wconf 85' lang='lat' dir='ltr'>sequiturque</span> <span class='ocrx_word' id='word_1_163' title='bbox 1015 2240 1162 2301; x_wconf 87' lang='lat' dir='ltr'>volantem</span> 
     </span>
     <span class='ocr_line' id='line_1_25' title="bbox 269 2325 1036 2406; baseline -0.003 -18"><span class='ocrx_word' id='word_1_164' title='bbox 269 2326 391 2388; x_wconf 86' lang='lat' dir='ltr'>barbara</span> <span class='ocrx_word' id='word_1_165' title='bbox 413 2326 569 2388; x_wconf 75' lang='lat' dir='ltr'>Palladiam</span> <span class='ocrx_word' id='word_1_166' title='bbox 590 2344 723 2406; x_wconf 90' lang='lat' dir='ltr'>puppem</span> <span class='ocrx_word' id='word_1_167' title='bbox 744 2325 824 2400; x_wconf 87' lang='lat' dir='ltr'>ratis,</span> <span class='ocrx_word' id='word_1_168' title='bbox 848 2325 920 2385; x_wconf 87' lang='lat' dir='ltr'>ostia</span> <span class='ocrx_word' id='word_1_169' title='bbox 943 2325 1036 2386; x_wconf 87' lang='lat' dir='ltr'>donee</span> 
     </span>
     <span class='ocr_line' id='line_1_26' title="bbox 270 2410 1052 2490; baseline -0.004 -17"><span class='ocrx_word' id='word_1_170' title='bbox 270 2411 395 2473; x_wconf 85' lang='lat' dir='ltr'>Danubii</span> <span class='ocrx_word' id='word_1_171' title='bbox 417 2412 598 2490; x_wconf 89' lang='lat' dir='ltr'>viridemque</span> <span class='ocrx_word' id='word_1_172' title='bbox 620 2411 719 2471; x_wconf 85' lang='lat' dir='ltr'>vident</span> <span class='ocrx_word' id='word_1_173' title='bbox 739 2417 807 2472; x_wconf 83' lang='lat' dir='ltr'>ante</span> <span class='ocrx_word' id='word_1_174' title='bbox 829 2411 903 2470; x_wconf 90' lang='lat' dir='ltr'>ostia</span> <span class='ocrx_word' id='word_1_175' title='bbox 924 2410 1052 2482; x_wconf 83' lang='lat' dir='ltr'>Peneon,</span> 
     </span>
     <span class='ocr_line' id='line_1_27' title="bbox 270 2495 982 2574; baseline -0.001 -18"><span class='ocrx_word' id='word_1_176' title='bbox 270 2496 431 2573; x_wconf 89' lang='lat' dir='ltr'>ultimaque</span> <span class='ocrx_word' id='word_1_177' title='bbox 453 2497 638 2574; x_wconf 79' lang='lat' dir='ltr'>adgnoscunt</span> <span class='ocrx_word' id='word_1_178' title='bbox 660 2495 749 2573; x_wconf 78' lang='lat' dir='ltr'>Argoi</span> <span class='ocrx_word' id='word_1_179' title='bbox 771 2514 883 2556; x_wconf 78' lang='lat' dir='ltr'>cornua</span> <span class='ocrx_word' id='word_1_180' title='bbox 903 2495 982 2556; x_wconf 87' lang='lat' dir='ltr'>mali.</span> 
     </span>
     <span class='ocr_line' id='line_1_28' title="bbox 270 2579 1057 2660; baseline 0.001 -21"><span class='ocrx_word' id='word_1_181' title='bbox 270 2588 334 2640; x_wconf 91' lang='lat' dir='ltr'>turn</span> <span class='ocrx_word' id='word_1_182' title='bbox 354 2597 423 2639; x_wconf 88' lang='lat' dir='ltr'>vero</span> <span class='ocrx_word' id='word_1_183' title='bbox 445 2579 603 2640; x_wconf 80' lang='lat' dir='ltr'>clamorem</span> <span class='ocrx_word' id='word_1_184' title='bbox 625 2598 728 2640; x_wconf 89' lang='lat' dir='ltr'>omnes</span> <span class='ocrx_word' id='word_1_185' title='bbox 749 2579 926 2660; x_wconf 76' lang='lat' dir='ltr'>inimicaque</span> <span class='ocrx_word' id='word_1_186' title='bbox 948 2580 1057 2642; x_wconf 86' lang='lat' dir='ltr'>tollunt</span> 
     </span>
     <span class='ocr_line' id='line_1_29' title="bbox 272 2664 1136 2744; baseline -0.001 -18"><span class='ocrx_word' id='word_1_187' title='bbox 272 2664 385 2743; x_wconf 82' lang='lat' dir='ltr'>gaudia,</span> <span class='ocrx_word' id='word_1_188' title='bbox 408 2672 471 2725; x_wconf 91' lang='lat' dir='ltr'>turn</span> <span class='ocrx_word' id='word_1_189' title='bbox 494 2664 609 2744; x_wconf 84' lang='lat' dir='ltr'>gravior</span> <span class='ocrx_word' id='word_1_190' title='bbox 630 2664 720 2726; x_wconf 90' lang='lat' dir='ltr'>remis</span> <span class='ocrx_word' id='word_1_191' title='bbox 741 2665 850 2744; x_wconf 80' lang='lat' dir='ltr'>fragor,</span> <span class='ocrx_word' id='word_1_192' title='bbox 873 2673 907 2726; x_wconf 93' lang='lat' dir='ltr'>ut</span> <span class='ocrx_word' id='word_1_193' title='bbox 928 2666 1034 2744; x_wconf 88' lang='lat' dir='ltr'>prooul</span> <span class='ocrx_word' id='word_1_194' title='bbox 1057 2666 1136 2744; x_wconf 80' lang='lat' dir='ltr'>drgo</span> 
     </span>
     <span class='ocr_line' id='line_1_30' title="bbox 270 2749 1129 2830; baseline -0.001 -18"><span class='ocrx_word' id='word_1_195' title='bbox 270 2751 330 2812; x_wconf 84' lang='lat' dir='ltr'>visa</span> <span class='ocrx_word' id='word_1_196' title='bbox 351 2749 429 2825; x_wconf 79' lang='lat' dir='ltr'>viris,</span> <span class='ocrx_word' id='word_1_197' title='bbox 452 2769 602 2830; x_wconf 91' lang='lat' dir='ltr'>unamque</span> <span class='ocrx_word' id='word_1_198' title='bbox 623 2758 729 2830; x_wconf 88' lang='lat' dir='ltr'>petunt</span> <span class='ocrx_word' id='word_1_199' title='bbox 750 2758 845 2812; x_wconf 83' lang='lat' dir='ltr'>rostra</span> <span class='ocrx_word' id='word_1_200' title='bbox 867 2751 964 2811; x_wconf 88' lang='lat' dir='ltr'>omnia</span> <span class='ocrx_word' id='word_1_201' title='bbox 986 2769 1129 2830; x_wconf 89' lang='lat' dir='ltr'>puppem.</span> 
     </span>
     <span class='ocr_line' id='line_1_31' title="bbox 270 2835 964 2917; baseline 0 -21"><span class='ocrx_word' id='word_1_202' title='bbox 270 2837 411 2917; x_wconf 80' lang='lat' dir='ltr'>princeps</span> <span class='ocrx_word' id='word_1_203' title='bbox 434 2837 565 2899; x_wconf 82' lang='lat' dir='ltr'>navalem</span> <span class='ocrx_word' id='word_1_204' title='bbox 587 2836 692 2897; x_wconf 85' lang='lat' dir='ltr'>nodosi</span> <span class='ocrx_word' id='word_1_205' title='bbox 714 2835 830 2896; x_wconf 89' lang='lat' dir='ltr'>roboris</span> <span class='ocrx_word' id='word_1_206' title='bbox 849 2855 964 2897; x_wconf 81' lang='lat' dir='ltr'>uncum</span> 
     </span>
     <span class='ocr_line' id='line_1_32' title="bbox 270 2921 1020 3000; baseline -0.004 -17"><span class='ocrx_word' id='word_1_207' title='bbox 270 2921 374 3000; x_wconf 88' lang='lat' dir='ltr'>arripit</span> <span class='ocrx_word' id='word_1_208' title='bbox 396 2928 425 2982; x_wconf 92' lang='lat' dir='ltr'>et</span> <span class='ocrx_word' id='word_1_209' title='bbox 445 2921 533 3000; x_wconf 80' lang='lat' dir='ltr'>longa</span> <span class='ocrx_word' id='word_1_210' title='bbox 555 2923 660 3000; x_wconf 77' lang='lat' dir='ltr'>Styrus</span> <span class='ocrx_word' id='word_1_211' title='bbox 682 2928 851 3000; x_wconf 83' lang='lat' dir='ltr'>prospectat</span> <span class='ocrx_word' id='word_1_212' title='bbox 872 2921 909 2981; x_wconf 88' lang='lat' dir='ltr'>ab</span> <span class='ocrx_word' id='word_1_213' title='bbox 931 2921 1020 2993; x_wconf 86' lang='lat' dir='ltr'>unda,</span> 
     </span>
     <span class='ocr_line' id='line_1_33' title="bbox 270 3005 1112 3085; baseline -0.002 -18"><span class='ocrx_word' id='word_1_214' title='bbox 270 3005 409 3084; x_wconf 83' lang='lat' dir='ltr'>coniugio</span> <span class='ocrx_word' id='word_1_215' title='bbox 431 3015 519 3084; x_wconf 88' lang='lat' dir='ltr'>atque</span> <span class='ocrx_word' id='word_1_216' title='bbox 541 3007 647 3066; x_wconf 88' lang='lat' dir='ltr'>iterum</span> <span class='ocrx_word' id='word_1_217' title='bbox 669 3025 795 3085; x_wconf 88' lang='lat' dir='ltr'>sponsae</span> <span class='ocrx_word' id='word_1_218' title='bbox 817 3008 981 3068; x_wconf 87' lang='lat' dir='ltr'>flammatus</span> <span class='ocrx_word' id='word_1_219' title='bbox 1003 3023 1112 3066; x_wconf 86' lang='lat' dir='ltr'>eruore.</span> 
     </span>
     <span class='ocr_line' id='line_1_34' title="bbox 270 3090 994 3170; baseline -0.001 -18"><span class='ocrx_word' id='word_1_220' title='bbox 270 3092 387 3169; x_wconf 89' lang='lat' dir='ltr'>iamque</span> <span class='ocrx_word' id='word_1_221' title='bbox 409 3090 458 3151; x_wconf 86' lang='lat' dir='ltr'>alii</span> <span class='ocrx_word' id='word_1_222' title='bbox 480 3091 592 3170; x_wconf 90' lang='lat' dir='ltr'>elipeos</span> <span class='ocrx_word' id='word_1_223' title='bbox 615 3098 643 3152; x_wconf 90' lang='lat' dir='ltr'>et</span> <span class='ocrx_word' id='word_1_224' title='bbox 664 3092 721 3152; x_wconf 89' lang='lat' dir='ltr'>tela</span> <span class='ocrx_word' id='word_1_225' title='bbox 743 3091 864 3153; x_wconf 84' lang='lat' dir='ltr'>trabalia</span> <span class='ocrx_word' id='word_1_226' title='bbox 886 3091 994 3152; x_wconf 86' lang='lat' dir='ltr'>dextris</span> 
     </span>
     <span class='ocr_line' id='line_1_35' title="bbox 271 3175 1058 3256; baseline -0.003 -18"><span class='ocrx_word' id='word_1_227' title='bbox 271 3175 439 3256; x_wconf 87' lang='lat' dir='ltr'>expediunt,</span> <span class='ocrx_word' id='word_1_228' title='bbox 463 3184 577 3238; x_wconf 85' lang='lat' dir='ltr'>armant</span> <span class='ocrx_word' id='word_1_229' title='bbox 597 3175 645 3237; x_wconf 90' lang='lat' dir='ltr'>alii</span> <span class='ocrx_word' id='word_1_230' title='bbox 666 3177 742 3255; x_wconf 87' lang='lat' dir='ltr'>plois</span> <span class='ocrx_word' id='word_1_231' title='bbox 764 3177 897 3256; x_wconf 80' lang='lat' dir='ltr'>unguine</span> <span class='ocrx_word' id='word_1_232' title='bbox 917 3177 1058 3236; x_wconf 85' lang='lat' dir='ltr'>dammas.</span> 
     </span>
     <span class='ocr_line' id='line_1_36' title="bbox 271 3260 1098 3340; baseline -0.004 -16"><span class='ocrx_word' id='word_1_233' title='bbox 271 3261 417 3340; x_wconf 87' lang='lat' dir='ltr'>inpatiens</span> <span class='ocrx_word' id='word_1_234' title='bbox 438 3262 537 3324; x_wconf 88' lang='lat' dir='ltr'>tremit</span> <span class='ocrx_word' id='word_1_235' title='bbox 558 3263 639 3323; x_wconf 86' lang='lat' dir='ltr'>hasta</span> <span class='ocrx_word' id='word_1_236' title='bbox 661 3279 770 3334; x_wconf 83' lang='lat' dir='ltr'>morae,</span> <span class='ocrx_word' id='word_1_237' title='bbox 793 3281 849 3322; x_wconf 87' lang='lat' dir='ltr'>neo</span> <span class='ocrx_word' id='word_1_238' title='bbox 871 3260 989 3339; x_wconf 80' lang='lat' dir='ltr'>longius</span> <span class='ocrx_word' id='word_1_239' title='bbox 1012 3260 1098 3335; x_wconf 87' lang='lat' dir='ltr'>inter,</span> 
     </span>
     <span class='ocr_line' id='line_1_37' title="bbox 271 3346 1234 3426; baseline -0.001 -19"><span class='ocrx_word' id='word_1_240' title='bbox 271 3365 359 3426; x_wconf 86' lang='lat' dir='ltr'>quam</span> <span class='ocrx_word' id='word_1_241' title='bbox 381 3349 461 3424; x_wconf 91' lang='lat' dir='ltr'>quod</span> <span class='ocrx_word' id='word_1_242' title='bbox 482 3350 539 3410; x_wconf 85' lang='lat' dir='ltr'>tela</span> <span class='ocrx_word' id='word_1_243' title='bbox 559 3355 645 3422; x_wconf 81' lang='lat' dir='ltr'>vetet,</span> <span class='ocrx_word' id='word_1_244' title='bbox 668 3354 804 3426; x_wconf 88' lang='lat' dir='ltr'>superest</span> <span class='ocrx_word' id='word_1_245' title='bbox 825 3365 915 3407; x_wconf 86' lang='lat' dir='ltr'>mare.</span> <span class='ocrx_word' id='word_1_246' title='bbox 958 3346 1080 3406; x_wconf 87' lang='lat' dir='ltr'>vooibus</span> <span class='ocrx_word' id='word_1_247' title='bbox 1104 3355 1234 3424; x_wconf 85' lang='lat' dir='ltr'>urguent</span> 
     </span>
     <span class='ocr_line' id='line_1_38' title="bbox 271 3431 1318 3514; baseline -0.003 -20"><span class='ocrx_word' id='word_1_248' title='bbox 271 3433 382 3494; x_wconf 88' lang='lat' dir='ltr'>interea</span> <span class='ocrx_word' id='word_1_249' title='bbox 405 3440 433 3492; x_wconf 92' lang='lat' dir='ltr'>et</span> <span class='ocrx_word' id='word_1_250' title='bbox 454 3433 579 3513; x_wconf 89' lang='lat' dir='ltr'>pedibus</span> <span class='ocrx_word' id='word_1_251' title='bbox 601 3435 721 3514; x_wconf 90' lang='lat' dir='ltr'>pulsant</span> <span class='ocrx_word' id='word_1_252' title='bbox 741 3431 870 3493; x_wconf 89' lang='lat' dir='ltr'>tabulata</span> <span class='ocrx_word' id='word_1_253' title='bbox 891 3432 1059 3492; x_wconf 78' lang='lat' dir='ltr'>frementes.</span> <span class='ocrx_word' id='word_1_254' title='bbox 1267 3442 1318 3491; x_wconf 76' lang='lat'>305</span> 
     </span>
    </p>
   </div>
   <div class='ocr_carea' id='block_1_3' title="bbox 184 3597 1260 3925">
    <p class='ocr_par' dir='ltr' id='par_1_4' title="bbox 184 3597 1260 3925">
     <span class='ocr_line' id='line_1_39' title="bbox 253 3597 1260 3664; baseline -0.005 -11"><span class='ocrx_word' id='word_1_255' title='bbox 253 3602 312 3653; x_wconf 77' lang='lat'><strong>281.</strong></span> <span class='ocrx_word' id='word_1_256' title='bbox 331 3600 375 3652; x_wconf 83' lang='lat' dir='ltr'>alti</span> <span class='ocrx_word' id='word_1_257' title='bbox 394 3600 426 3664; x_wconf 85' lang='lat' dir='ltr'>V,</span> <span class='ocrx_word' id='word_1_258' title='bbox 443 3601 486 3652; x_wconf 83' lang='lat' dir='ltr'>elii</span> <span class='ocrx_word' id='word_1_259' title='bbox 502 3597 541 3654; x_wconf 84' lang='lat' dir='ltr'>M.</span> <span class='ocrx_word' id='word_1_260' title='bbox 621 3603 680 3653; x_wconf 72' lang='grc'><strong>284.</strong></span> <span class='ocrx_word' id='word_1_261' title='bbox 698 3600 766 3652; x_wconf 87' lang='lat' dir='ltr'>eolre</span> <span class='ocrx_word' id='word_1_262' title='bbox 783 3615 818 3664; x_wconf 82' lang='grc' dir='ltr'>π,</span> <span class='ocrx_word' id='word_1_263' title='bbox 842 3598 933 3650; x_wconf 83' lang='lat' dir='ltr'>coiisse</span> <span class='ocrx_word' id='word_1_264' title='bbox 950 3598 993 3652; x_wconf 78' lang='lat'><em>152.</em></span> <span class='ocrx_word' id='word_1_265' title='bbox 1071 3599 1131 3650; x_wconf 76' lang='lat'><strong>285.</strong></span> <span class='ocrx_word' id='word_1_266' title='bbox 1148 3597 1219 3664; x_wconf 84' lang='lat' dir='ltr'>itque</span> <span class='ocrx_word' id='word_1_267' title='bbox 1236 3597 1260 3649; x_wconf 80' lang='lat' dir='ltr'>J.</span> 
     </span>
     <span class='ocr_line' id='line_1_40' title="bbox 184 3665 1260 3735; baseline -0.006 -13"><span class='ocrx_word' id='word_1_268' title='bbox 184 3696 218 3708; x_wconf 87' lang='lat'>--</span> <span class='ocrx_word' id='word_1_269' title='bbox 236 3683 310 3722; x_wconf 85' lang='lat' dir='ltr'>oreas</span> <span class='ocrx_word' id='word_1_270' title='bbox 327 3669 418 3720; x_wconf 86' lang='lat' dir='ltr'>itemm</span> <span class='ocrx_word' id='word_1_271' title='bbox 435 3685 470 3734; x_wconf 81' lang='lat' dir='ltr'>n,</span> <span class='ocrx_word' id='word_1_272' title='bbox 488 3674 543 3721; x_wconf 82' lang='lat' dir='ltr'>orat</span> <span class='ocrx_word' id='word_1_273' title='bbox 560 3669 669 3735; x_wconf 84' lang='lat' dir='ltr'>supplex</span> <span class='ocrx_word' id='word_1_274' title='bbox 688 3668 749 3719; x_wconf 82' lang='lat' dir='ltr'>Sed.</span> <span class='ocrx_word' id='word_1_275' title='bbox 768 3693 801 3706; x_wconf 92' lang='lat'>-</span> <span class='ocrx_word' id='word_1_276' title='bbox 818 3679 914 3734; x_wconf 83' lang='lat' dir='ltr'>perque</span> <span class='ocrx_word' id='word_1_277' title='bbox 937 3667 999 3718; x_wconf 86' lang='lat' dir='ltr'>ratis</span> <span class='ocrx_word' id='word_1_278' title='bbox 1016 3665 1127 3734; x_wconf 86' lang='lat' dir='ltr'>supplex</span> <span class='ocrx_word' id='word_1_279' title='bbox 1144 3671 1170 3718; x_wconf 88' lang='lat' dir='ltr'>et</span> <span class='ocrx_word' id='word_1_280' title='bbox 1187 3666 1260 3717; x_wconf 80' lang='lat' dir='ltr'>reml-</span> 
     </span>
     <span class='ocr_line' id='line_1_41' title="bbox 185 3733 1259 3806; baseline -0.005 -17"><span class='ocrx_word' id='word_1_281' title='bbox 185 3737 224 3806; x_wconf 75' lang='lat' dir='ltr'>gis</span> <span class='ocrx_word' id='word_1_282' title='bbox 241 3737 334 3790; x_wconf 80' lang='lat' dir='ltr'>vexilla</span> <span class='ocrx_word' id='word_1_283' title='bbox 350 3737 478 3804; x_wconf 78' lang='lat' dir='ltr'>magistris</span> <span class='ocrx_word' id='word_1_284' title='bbox 495 3753 524 3803; x_wconf 83' lang='lat' dir='ltr'>n,</span> <span class='ocrx_word' id='word_1_285' title='bbox 540 3752 635 3804; x_wconf 87' lang='lat' dir='ltr'>perque</span> <span class='ocrx_word' id='word_1_286' title='bbox 653 3737 715 3788; x_wconf 83' lang='lat' dir='ltr'>retis</span> <span class='ocrx_word' id='word_1_287' title='bbox 732 3739 824 3800; x_wconf 78' lang='lat' dir='ltr'>urguet</span> <span class='ocrx_word' id='word_1_288' title='bbox 839 3750 924 3787; x_wconf 90' lang='lat' dir='ltr'>remos</span> <span class='ocrx_word' id='word_1_289' title='bbox 940 3750 991 3786; x_wconf 89' lang='lat' dir='ltr'>vox</span> <span class='ocrx_word' id='word_1_290' title='bbox 1007 3734 1058 3786; x_wconf 86' lang='lat' dir='ltr'>alta</span> <span class='ocrx_word' id='word_1_291' title='bbox 1076 3734 1191 3800; x_wconf 74' lang='lat' dir='ltr'>magistri</span> <span class='ocrx_word' id='word_1_292' title='bbox 1208 3733 1259 3785; x_wconf 79' lang='lat' dir='ltr'>llo-</span> 
     </span>
     <span class='ocr_line' id='line_1_42' title="bbox 184 3801 1260 3925; baseline -0.004 -69"><span class='ocrx_word' id='word_1_293' title='bbox 184 3809 263 3872; x_wconf 67' lang='lat' dir='ltr'>pmtt,</span> <span class='ocrx_word' id='word_1_294' title='bbox 280 3820 377 3925; x_wconf 62' lang='lat' dir='ltr'>perque</span> <span class='ocrx_word' id='word_1_295' title='bbox 393 3806 454 3858; x_wconf 84' lang='lat' dir='ltr'>ratis</span> <span class='ocrx_word' id='word_1_296' title='bbox 471 3820 606 3871; x_wconf 85' lang='lat' dir='ltr'>remosque</span> <span class='ocrx_word' id='word_1_297' title='bbox 622 3805 714 3859; x_wconf 84' lang='lat' dir='ltr'>iterum</span> <span class='ocrx_word' id='word_1_298' title='bbox 731 3819 782 3856; x_wconf 84' lang='lat' dir='ltr'>vox</span> <span class='ocrx_word' id='word_1_299' title='bbox 799 3802 850 3856; x_wconf 79' lang='lat' dir='ltr'>alte</span> <span class='ocrx_word' id='word_1_300' title='bbox 868 3803 982 3870; x_wconf 73' lang='lat' dir='ltr'>magistri</span> <span class='ocrx_word' id='word_1_301' title='bbox 999 3802 1060 3854; x_wconf 72' lang='lat' dir='ltr'>Set.</span> <span class='ocrx_word' id='word_1_302' title='bbox 1114 3805 1174 3856; x_wconf 79' lang='grc'><strong>287.</strong></span> <span class='ocrx_word' id='word_1_303' title='bbox 1191 3801 1260 3854; x_wconf 86' lang='lat' dir='ltr'>iron-</span> 
     </span>
    </p>
   </div>
   <div class='ocr_carea' id='block_1_4' title="bbox 185 3870 559 3942">
    <p class='ocr_par' dir='ltr' id='par_1_5' title="bbox 185 3870 559 3942">
     <span class='ocr_line' id='line_1_43' title="bbox 185 3870 559 3942; baseline -0.003 -14"><span class='ocrx_word' id='word_1_304' title='bbox 185 3873 260 3928; x_wconf 77' lang='lat' dir='ltr'>dhus</span> <span class='ocrx_word' id='word_1_305' title='bbox 278 3871 311 3942; x_wconf 82' lang='lat' dir='ltr'>V,</span> <span class='ocrx_word' id='word_1_306' title='bbox 351 3873 502 3926; x_wconf 88' lang='lat' dir='ltr'>ondentibus</span> <span class='ocrx_word' id='word_1_307' title='bbox 519 3870 559 3929; x_wconf 84' lang='lat' dir='ltr'>M.</span> 
     </span>
    </p>
   </div>
   <div class='ocr_carea' id='block_1_5' title="bbox 0 0 1395 4340">
    <p class='ocr_par' dir='ltr' id='par_1_6' title="bbox 0 0 1395 4340">
     <span class='ocr_line' id='line_1_44' title="bbox 0 0 1395 4340; baseline 0 0"><span class='ocrx_word' id='word_1_308' title='bbox 0 0 1395 4340; x_wconf 95' lang='lat' dir='ltr'> </span> 
     </span>
    </p>
   </div>
  </div>
 </body>
</html>
