2780 4350
487 925 523 1018 C.
551 921 765 1034 1111111111
792 921 989 1020 stator

405 1071 1081 1188 audouavritort

529 1263 685 1346 arasa
708 1259 955 1328 cernuus,

639 1433 841 1446 ,.-.........-.-.....
1051 1429 1054 1438 ι
1111 1410 1117 1442 1

262 1539 318 1648 At
338 1586 482 1667 trepidam
504 1586 534 1647 in
557 1585 690 1646 thalamis
713 1584 821 1646 etiam
843 1603 896 1644 sua
917 1585 992 1645 facta
1015 1593 1167 1664 paventem

262 1673 399 1736 Colchida
421 1671 498 1732 circa
521 1689 624 1732 omnes
647 1671 757 1750 pariter
777 1670 930 1748 furiaeque
952 1669 1108 1749 minaeque

261 1759 353 1839 patris
375 1757 500 1833 hahent3
524 1775 579 1818 nec
602 1756 729 1817 caerulei
744 1755 840 1816 *timor
862 1755 999 1833 aequoris
1022 1755 1107 1831 ultra,

263 1864 319 1906 nec
340 1844 464 1905 miserae
487 1850 564 1903 terra
586 1841 646 1902 ulla
669 1841 791 1921 procul;
815 1857 1017 1919 quascumque
1039 1859 1094 1920 per
1116 1842 1208 1902 undas

262 1931 341 2010 ferre
364 1929 474 2008 fugam,
498 1944 715 2006 quamcumque
737 1926 820 2006 cupit
841 1925 898 1986 iam
921 1927 1061 1986 scandere
1083 1945 1222 2006 puppem.
1282 1937 1295 1983 5

263 2014 365 2075 ultima
386 2011 526 2090 virgineis
549 2019 621 2073 tunc
641 2013 717 2072 flens
739 2012 818 2073 dedit
839 2011 940 2071 oscula
964 2011 1050 2086 vittis

221 2163 224 2170 Ι
263 2117 398 2178 quosque
419 2097 496 2175 fugit
519 2097 662 2175 conplexa
684 2104 775 2172 toros,
800 2097 972 2175 crinemque
995 2111 1144 2175 genasque

262 2191 329 2244 ante
351 2200 405 2263 per
427 2182 540 2260 antiqui
562 2182 672 2261 carpsit
691 2181 812 2260 vestigia
834 2181 940 2258 somni,
999 2199 1001 2204 ’

265 2277 352 2349 atque
374 2269 445 2329 haec
467 2267 603 2347 inpresso
626 2267 737 2346 gemuit
756 2267 922 2328 miseranda
945 2266 1050 2327 cubili:

259 2349 290 2415 ‘o
313 2354 385 2415 mihi
407 2354 432 2414 si
453 2354 596 2434 profugae
618 2353 735 2432 genitor
756 2371 837 2413 nunc
858 2353 923 2431 ipse
944 2368 1099 2432 supremos
1271 2364 1298 2412 to

263 2440 431 2520 amplexus,
454 2441 559 2514 Aeeta,
583 2440 667 2500 dares
688 2439 835 2516 fletusque
857 2437 971 2499 videres

264 2544 333 2586 ecoe
355 2523 455 2586 meosl
478 2541 517 2584 ne
539 2524 635 2598 crede,
658 2530 750 2603 pater,
773 2542 835 2583 non
858 2523 954 2585 carior
975 2523 1024 2584 ille
1047 2532 1100 2599 est,

264 2627 353 2687 quem
375 2607 544 2685 sequimur;
567 2606 687 2668 tumidis
710 2607 822 2667 utinam
845 2608 933 2669 simul
955 2608 1065 2669 obruar
1087 2607 1188 2668 undisl

263 2701 306 2768 tu,
329 2709 445 2772 precor,
467 2692 540 2752 haec
561 2691 649 2771 longa
671 2691 803 2771 placidus
824 2711 893 2753 mox
915 2701 1030 2773 sceptra
1052 2701 1169 2754 senecta

264 2785 327 2839 tuta
349 2797 433 2858 geras
454 2777 618 2857 meliorque
640 2777 693 2839 tibi
716 2777 754 2839 sit
776 2785 871 2839 cetera
893 2773 1012 2858 proles?
1273 2787 1299 2836 tt

265 2863 336 2924 dixit
357 2873 386 2926 et
407 2864 569 2925 Haemonio
592 2882 755 2942 numquam
777 2865 945 2943 spernenda
966 2864 1070 2925 marito

265 2949 383 3010 condita
404 2948 526 3009 letiferis
548 2949 658 3028 promit
678 2948 870 3009 medicamina
892 2949 982 3024 cistis,

263 3033 473 3112 virgineosque
495 3032 579 3093 sinus
600 3033 758 3112 ipsumque
780 3034 890 3095 monile
911 3035 1033 3096 venenis

264 3118 396 3198 implicat
416 3135 450 3177 ac
472 3136 589 3178 saevum
612 3136 702 3197 super
723 3119 861 3179 omnibus
882 3119 992 3181 addidit
1013 3138 1124 3181 ensem.

265 3203 343 3278 inde,
366 3203 445 3262 velut
465 3210 542 3263 torto
565 3202 721 3264 Furiarum
743 3211 838 3265 erecta
859 3205 974 3283 flagello
1273 3212 1301 3262 20

266 3287 395 3367 prosilit:
419 3288 542 3349 attonito
565 3287 658 3367 qualis
680 3289 756 3368 pede
777 3288 894 3369 prosilit
914 3283 968 3351 ln'o

266 3374 298 3433 in
321 3372 404 3448 freta,
428 3392 483 3435 neo
503 3373 584 3453 parvi
606 3373 741 3435 meminit
762 3375 920 3436 conterrita
942 3375 1012 3450 nati,

265 3476 355 3536 quern
376 3465 471 3532 tenet;
494 3465 656 3520 extremum
677 3459 807 3520 coniunx
829 3459 897 3520 lerit
918 3460 1026 3521 inritus
1047 3459 1190 3520 Isthmon.

309 3543 370 3604 lam
392 3542 476 3622 prior
497 3543 527 3605 in
550 3544 633 3605 lucos
656 3544 736 3606 curis
758 3545 956 3624 urguentibus
977 3546 1066 3607 heros

249 3711 274 3764 a.
292 3708 440 3776 atquchaec
451 3726 481 3762 os
493 3710 615 3777 impressa
628 3712 708 3779 gemit
717 3727 750 3762 m.
761 3729 782 3764 e.
796 3713 839 3763 Pa.
851 3712 1052 3780 (Mnemosyncs
1062 3711 1092 3777 11,
1107 3715 1174 3778 142).
1214 3713 1251 3762 ld.

179 3777 222 3828 ille
239 3793 275 3836 π,
306 3777 362 3844 ipse
380 3778 439 3830 Sela.
527 3782 567 3830 17.
585 3779 669 3845 prodit
685 3797 722 3844 π,
740 3779 876 3846 proferto,
900 3781 995 3847 promit
1016 3779 1155 3832 Turnebus
1175 3779 1250 3840 (Ado.

180 3844 321 3910 11111114).
392 3849 431 3900 19.
448 3847 535 3899 adiicit
552 3849 648 3900 Bartt.
665 3847 760 3914 (xviii,
781 3851 829 3912 15).
881 3849 1021 3902 11111111
1037 3847 1216 3916 1111111111.
