2780 4350
462 277 893 350 nucourvucuuueunrvn.
1169 279 1226 348 ltt

189 438 311 512 nesciat,
334 439 430 514 adque
452 457 550 498 meum
573 455 634 497 nou
657 437 751 498 oderit
772 438 821 500 ille
844 435 1015 519 parentem.²
1183 459 1230 510 llo

189 525 301 586 dixerat
322 524 393 583 haee
415 530 566 601 stratoque
589 540 691 601 graves
712 523 877 602 proiecerat
898 533 988 600 artus,

189 610 214 670 si
236 608 333 669 veniat
354 607 489 669 miserata
512 607 606 685 quies,
629 625 697 667 cum
719 609 831 668 saevior
852 610 916 688 ipse

189 693 288 754 turbat
309 694 427 771 agitque
450 709 556 772 sopor;
579 692 705 771 supplex
727 692 797 752 hinc
819 694 961 755 sternitur
981 696 1099 777 hospes,

188 780 259 840 hinc
280 785 372 856 pater.
417 777 465 838 illa
489 793 562 837 nora
584 777 696 855 rumpit
716 777 874 839 formidine
897 795 1017 840 somnos

188 864 372 943 erigiturque
393 870 475 935 toro;
497 861 621 922 lamulas
643 879 787 940 carosque
809 869 930 942 penates

170 945 330 1027 agnoscit,
352 947 441 1008 modo
463 945 646 1007 Thessalicas
668 955 779 1026 raptata
801 965 856 1026 per
876 948 981 1009 urbes:

189 1033 325 1094 turbidus
347 1040 380 1092 ut
402 1031 507 1112 poenis
530 1032 684 1110 caecisque
705 1031 863 1110 pavoribus
886 1051 986 1094 ensem

188 1117 312 1197 corripit
335 1124 364 1178 et
385 1133 485 1177 saevae
507 1116 575 1176 ferit
596 1117 712 1194 agmina
734 1117 835 1178 matris
858 1118 994 1191 Orestes;

187 1204 285 1282 ipsum
311 1217 438 1280 angues,
460 1202 558 1280 ipsum
580 1199 729 1263 horrisoni
751 1202 845 1280 quatit
865 1202 908 1262 ira
930 1201 1051 1281 llagelli3

186 1288 282 1366 adque
303 1286 410 1347 iterum
432 1286 555 1346 infestae
581 1303 613 1346 se
634 1287 749 1346 feruere
770 1287 858 1347 caede
879 1286 1028 1348 Lacaenae

187 1372 280 1432 eredit
300 1388 406 1449 agens,
427 1370 558 1448 falseque
580 1371 655 1430 redit
677 1371 712 1431 de
734 1378 830 1450 strage
853 1371 973 1432 dearum

184 1457 281 1517 lessus
304 1464 332 1516 et
354 1456 384 1515 in
406 1455 529 1516 miserae
551 1455 717 1515 conlabitur
738 1471 789 1517 ora
810 1457 930 1517 sororis.

228 1539 281 1600 His
303 1540 354 1601 ubi
376 1539 556 1618 nequiquam
578 1547 731 1600 nutantem
755 1540 892 1601 Colchida
914 1541 994 1602 curis

185 1625 260 1685 luno
283 1625 361 1686 videt
382 1625 508 1684 necdum
531 1631 663 1685 extremo
683 1641 786 1703 parcre
808 1625 912 1698 furori,

185 1729 246 1770 non
270 1710 326 1770 iam
348 1709 487 1770 mentitae
508 1708 621 1769 vultum
642 1725 804 1787 vocemque
826 1710 950 1770 resumit

187 1794 367 1874 Chalciopes.
412 1792 531 1872 quando
553 1793 641 1852 ardor
662 1793 750 1854 hehet
771 1793 922 1872 leviorque
943 1795 1057 1872 pudore

183 1898 328 1957 mensque
350 1878 457 1938 obnixa
478 1877 565 1951 malo,
587 1885 692 1938 tenues
715 1877 850 1938 sublimis
870 1878 901 1938 in
925 1893 1012 1938 auras

184 1964 297 2024 tollitur
319 1971 348 2025 et
368 1963 448 2024 fulvo
470 1961 615 2023 Venerem
636 1961 760 2040 vestigat
782 1963 917 2042 Olympo.

180 2044 266 2109 ‘Sum
288 2066 410 2123 memor,
433 2055 467 2108 ut
490 2093 496 2107 .
522 2093 528 2107 .
554 2093 560 2108 .
583 2063 700 2108 mecum
722 2047 828 2126 pertita
850 2046 997 2123 laborem;

182 2133 230 2193 illa
254 2133 415 2194 nimis·sed
437 2133 509 2193 dura
530 2140 630 2193 manet
651 2149 850 2211 conversaque
872 2132 903 2192 iu
926 2132 998 2194 iram

118 2239 121 2244 ·
183 2224 212 2277 el
232 2218 326 2278 furias
348 2216 481 2277 deletae
502 2234 549 2276 me
572 2235 632 2276 nou
656 2217 777 2296 decepta
798 2215 927 2295 reliquit.

182 2301 202 2376 i,
224 2318 341 2380 precor,
363 2300 458 2377 adque
478 2300 567 2359 istum
589 2317 650 2378 quo
670 2319 717 2361 me
739 2302 900 2362 lrustratur
919 2317 1049 2362 amorem

182 2385 276 2458 vince,
299 2401 415 2463 precor,
438 2383 540 2462 patriis
561 2392 595 2443 ut
616 2385 733 2446 mndedi
756 2387 879 2447 evadere
899 2385 983 2446 tectis

182 2470 287 2530 audeat
308 2469 403 2546 adque
425 2485 523 2530 meum
546 2485 615 2529 casu
638 2469 796 2530 defendere
817 2470 854 2530 ab
875 2471 957 2530 omni

181 2554 359 2615 Aesoniden.
403 2553 476 2632 quin
498 2553 545 2614 illa
568 2571 662 2630 sacro,
686 2571 747 2634 quo
768 2555 851 2629 freta,
873 2573 987 2616 veneno

182 2638 265 2700 illum
288 2639 375 2699 etiam
396 2639 464 2698 totis
487 2639 649 2700 adstantem
671 2639 809 2700 nectibus
831 2657 967 2718 anguem,

183 2723 233 2802 qui
257 2741 362 2784 nemus
385 2741 472 2784 omne
494 2741 591 2797 suum,
615 2725 728 2803 quique
748 2741 837 2785 aurea
859 2725 987 2802 (respice
1009 2725 1115 2802 porro)

180 2808 287 2870 vellera
309 2816 352 2868 tet
374 2807 463 2886 spiris
486 2807 607 2881 circum,
630 2814 674 2866 tot
696 2807 835 2868 ductibus
855 2807 966 2885 implet,

180 2893 277 2954 vincat
298 2901 327 2954 et
348 2893 378 2953 in
402 2909 523 2952 somnos
545 2891 659 2969 ingenti
681 2891 772 2952 solvat
793 2891 828 2951 ah
852 2907 936 2952 orne.

180 2978 251 3038 haec
273 2977 341 3037 tibi:
365 2995 433 3036 nam
455 2975 552 3036 Furiis
574 2976 669 3054 adque
692 2975 749 3055 ipsi
771 2982 869 3036 cetere
889 2968 1015 3037 mendo?

222 3061 299 3123 Tum
320 3061 421 3121 Venus
442 3060 585 3139 aligerum
606 3068 702 3121 mater
722 3061 765 3121 sic
786 3061 864 3120 fatur
887 3061 1045 3122 Amomm:

175 3137 245 3206 ‘nec
266 3145 328 3221 tibi,
351 3164 419 3206 eum
441 3145 553 3225 primos
575 3146 711 3224 adgressa
734 3165 765 3206 es
786 3145 905 3207 flectere
926 3163 1032 3206 seusus

177 3229 300 3309 virginis
323 3230 482 3310 ignotaque
504 3230 634 3291 animum
657 3231 829 3309 contingere
851 3248 932 3306 eura,

180 3315 336 3389 deluimus,
360 3315 424 3378 data
447 3315 590 3376 continuo
612 3317 660 3377 sed
681 3315 799 3393 cingula
822 3315 876 3375 soli

179 3399 365 3474 nostratim,
389 3398 456 3477 quis
477 3407 555 3460 mota
577 3399 643 3460 loco
665 3400 864 3480 labefactaque
887 3397 984 3460 cessit.
1128 3411 1142 3454 1
1175 3407 1217 3462 115

89 3561 397 3594 Ὗ...-

162 3651 220 3703 lae.
239 3650 352 3702 incestae
370 3649 402 3700 u.
421 3648 525 3700 Murius
543 3649 629 3712 totid
647 3651 705 3700 Am.
725 3650 749 3714 l,
768 3652 798 3714 l,
824 3653 873 3716 lo).
962 3653 1019 3702 156.
1038 3647 1165 3716 pudorin,

86 3717 188 3785 pudore
199 3716 274 3770 Voss.
294 3724 320 3770 et
336 3717 396 3770 Sca.
435 3719 491 3770 l59.
511 3717 637 3768 inanem
646 3718 812 3782 significem
831 3719 956 3786 tecumffn,
973 3715 1094 3778 toene,
1111 3722 1166 3768 luu-

86 3791 142 3838 tum
152 3783 189 3846 B;
207 3791 236 3838 ut
251 3790 280 3837 tu
297 3785 333 3840 sis
354 3783 411 3850 Th,
430 3790 459 3836 ut
475 3799 574 3837 meeum
591 3786 627 3837 sis
646 3785 712 3836 hone
723 3786 769 3838 Ph.
784 3785 825 3837 W.
845 3789 923 3851 (101)).
977 3788 1034 3838 1161.
1052 3793 1121 3834 nunc
1136 3801 1165 3848 π,

85 3851 221 3914 nouSclr.;
239 3869 307 3906 nunc
324 3853 413 3904 scoriate
434 3851 459 3904 G.
538 3855 593 3906 102.
611 3853 620 3903 i
638 3853 707 3919 prior
724 3855 768 3904 llo.
861 3857 916 3907 169.
934 3853 1019 3904 solvat
1035 3869 1063 3916 n,
1081 3851 1167 3903 uideat

86 3919 162 3984 Sele,
181 3921 273 3974 fundat
295 3919 340 3973 Th.
412 3924 468 3974 l'll.
487 3919 532 3973 sed
552 3921 604 3986 CA,
622 3918 681 3973 sarit
699 3920 777 3988 lleg„
796 3937 846 3973 om.
863 3937 897 3982 π;
915 3935 981 3972 nm
996 3921 1077 3973 namt

972 4006 1010 4056 9*
