2792 4340
483 219 740 275 Anuouavrrcon
757 223 851 277 LIBER
868 224 899 279 V.

217 373 280 435 ·llle
302 381 399 435 anum
422 374 573 454 inceptum
595 376 704 438 lamule
726 377 800 438 duee
822 378 960 457 protinus
982 391 1089 462 urguet

185 478 253 521 aere
275 467 393 539 saeptus
415 459 480 534 iter,
503 462 614 541 petitur
635 479 691 522 nee
712 462 791 542 regia
814 464 896 524 cerni

186 543 261 606 luno
283 544 389 620 virum,
412 544 496 624 prior
516 549 622 610 Aeetae
644 566 683 607 ue
704 546 828 608 nuntiam
850 548 934 609 adsit,

185 628 304 709 iamque
326 629 421 690 inerat
443 630 555 709 populo
577 632 749 710 mediasque
770 631 941 712 incognitus
962 634 1039 710 oriri,

187 732 256 776 cnm
278 732 377 776 eomes
400 731 467 776 orsa
489 715 580 794 loqui.
622 709 747 777 ‘Phoebi
769 717 911 796 genitoris
933 720 970 780 ad
991 737 1055 782 aras

185 793 315 860 ventum'
339 799 388 860 ait.
430 792 503 862 ‘hue
525 801 617 880 adytis
639 801 696 862 iam
719 819 750 862 se
773 802 810 862 de
830 819 913 868 more
934 806 1067 884 paternis

185 900 237 943 rex
258 884 348 959 leret3
371 884 420 948 hie
441 901 581 964 proderes
602 886 684 947 audit
705 887 892 966 populosque
915 897 1070 966 precantes

185 967 330 1047 adloquiis
351 969 461 1032 facilis:
484 987 625 1049 praesens
647 978 732 1050 pater
752 972 890 1032 admoram
910 967 1015 1052 aequi?

103 1064 165 1115 426
226 1052 353 1114 Dixerat.
397 1061 442 1114 ast
463 1054 505 1115 illi
527 1073 655 1134 propere
675 1063 836 1118 monstrata
859 1067 1019 1136 capessunt

184 1137 295 1198 limina.
340 1157 400 1199 non
423 1139 523 1215 aliter,
546 1157 635 1220 qnam
657 1141 682 1201 si
704 1141 843 1204 radiantis
865 1143 980 1204 adirent

185 1241 236 1282 ora
259 1223 305 1283 dei
328 1237 471 1302 verasque
492 1225 604 1285 aeterni
627 1224 747 1290 luminis
770 1243 867 1286 arees:

182 1307 240 1368 tale
262 1307 347 1368 iubar
364 1327 418 1388 per
439 1317 515 1370 tenta
536 1309 633 1370 minat.
677 1318 733 1370 stat
755 1311 870 1371 lerneus
892 1311 993 1373 Atlans

184 1393 303 1454 Oceano
327 1393 511 1472 genibusque
533 1401 652 1456 tamem
674 1395 848 1474 inthingitnr
868 1397 963 1470 unda3

182 1485 211 1539 at
232 1477 320 1538 medii
343 1495 398 1557 per
419 1486 501 1557 terga
523 1480 603 1540 senis
625 1479 703 1559 repit
723 1480 787 1560 ipse
809 1480 937 1542 nitentes

156 1562 259 1638 ,altus
282 1581 375 1641 equos
397 1581 548 1642 curvoque
570 1564 647 1626 diem
669 1564 797 1626 subtexit
819 1565 961 1645 Olympo;

181 1665 261 1726 pone
284 1655 348 1707 rota
369 1647 502 1726 breviore
524 1667 610 1709 soror
632 1649 799 1728 densaeque
821 1657 964 1712 secuntur

181 1731 297 1792 Pliades
321 1751 337 1792 e
357 1733 481 1794 madidis
504 1741 639 1794 rorantes
662 1734 793 1794 crinibus
817 1734 937 1796 imbres.

181 1834 237 1878 nee
258 1817 359 1878 minus
380 1817 451 1878 hine
472 1817 550 1878 varia
571 1819 630 1878 dnn
651 1818 744 1880 laetus
769 1817 897 1897 imagine
918 1819 1020 1898 templi

181 1901 218 1963 ad
240 1901 372 1980 geminas
393 1903 451 1962 lert
472 1921 524 1963 ora
544 1903 624 1963 iores
646 1902 794 1963 cunabula
816 1902 912 1981 gentis

181 1986 338 2047 Colchidos
359 1987 408 2048 bie
430 1995 572 2068 ortusque
594 1995 698 2061 tuens3
721 1995 754 2048 nt
775 1987 870 2066 prima
892 1987 1036 2049 Sesostris

180 2070 314 2132 intulerit
335 2089 387 2132 rer
408 2071 484 2132 bella
506 2073 596 2147 Getis,
619 2080 653 2132 ut
674 2071 756 2134 clade
778 2090 901 2135 suorum

179 2156 301 2217 territus
324 2157 378 2216 hos
401 2157 518 2218 Thebas
538 2157 727 2239 patriamqne
748 2157 870 2218 redueat
890 2157 927 2218 ad
948 2175 1074 2232 aunem,

181 2240 317 2302 Phasidis
338 2241 393 2301 hos
416 2241 540 2321 inponat
561 2242 641 2320 agris
663 2241 847 2320 Colchosque
868 2241 965 2301 vocari

179 2326 320 2404 imperet:
345 2325 491 2387 Arsinoen
513 2325 556 2386 illi
577 2326 752 2406 tepiaheqne
778 2325 935 2404 requirunt

179 2410 238 2470 otia
260 2411 335 2472 laeta
356 2410 443 2472 Phari
465 2411 667 2490 pinguemque
690 2411 754 2472 sine
776 2409 919 2470 imbribus
940 2425 1062 2483 anniam,

179 2495 211 2555 hi
234 2495 290 2555 iam
313 2494 481 2556 Sarmaticis
503 2503 672 2576 permutant
694 2495 812 2557 carbasa
833 2494 939 2558 hraeis.

178 2580 321 2640 barbarus
343 2581 375 2641 in
397 2580 500 2658 patriis
522 2587 651 2642 sectatur
669 2580 821 2644 nostibus
843 2581 922 2642 Aean

178 2664 282 2725 Phasis
304 2683 403 2726 amore
425 2665 542 2727 lunens:
567 2665 684 2745 pavidas
706 2665 776 2728 iaeit
796 2665 846 2726 illa
867 2665 1019 2744 pharetras

177 2749 311 2829 virgineo
334 2749 450 2810 turbata
471 2757 552 2810 metu
574 2749 757 2811 discursibus
780 2750 887 2811 etiam

178 2833 291 2908 deficit,
314 2851 350 2896 ae
368 2833 482 2895 volueri
502 2834 608 2895 vietam
630 2835 703 2896 dms
725 2833 824 2912 alligat
844 2833 932 2894 unda.

177 2919 288 2980 flebant
309 2919 455 2999 populeae
476 2919 613 2980 invenem
634 2918 817 2980 Phaethonta
838 2935 967 2991 sorores,

177 3012 242 3066 ater
263 3011 293 3065 et
314 3003 435 3065 Eridani
456 3003 606 3083 trepidum
628 3002 733 3084 globus
755 3003 815 3066 ibat
836 3002 868 3064 in
890 3018 1021 3074 amnem;

177 3097 208 3151 at
229 3089 297 3168 iuga
319 3089 366 3150 rix
388 3089 497 3168 Tethys
519 3105 715 3168 sparsumque
737 3087 883 3167 recolligit
904 3103 988 3148 exem

178 3181 208 3236 et
228 3173 436 3236 formidantem
457 3175 568 3253 patrios
590 3173 737 3254 Pyroenta
758 3173 884 3235 dolores.

177 3277 266 3320 aurea
288 3259 362 3337 quin
386 3258 472 3320 etiam
493 3275 634 3339 praesaga
655 3258 799 3320 Mulciber
820 3265 882 3319 arte

176 3342 284 3405 vellera
304 3350 505 3422 venturosque
526 3343 597 3404 olim
620 3343 744 3406 caelarat
765 3343 900 3404 Achivos.

176 3428 287 3488 texitur
309 3429 406 3507 Argoa
428 3427 518 3507 pinus
541 3429 685 3506 Pagasaea
707 3427 815 3501 senari,
1174 3435 1220 3486 435

156 3597 219 3648 406.
246 3594 361 3662 adloquii
377 3591 429 3647 Hs.
518 3597 567 3647 lot
595 3601 657 3662 post
674 3597 723 3648 426
747 3595 846 3646 habaet
861 3609 896 3658 π,
920 3594 972 3644 bue
991 3594 1169 3658 transpositus

75 3667 176 3719 estin
193 3661 238 3716 Be.
315 3665 373 3715 llo.
391 3677 438 3730 per
456 3661 483 3725 0,
502 3677 551 3713 om.
569 3677 597 3713 π,
666 3662 787 3716 412801
814 3661 909 3714 medii?
989 3664 1047 3718 415.
1067 3664 1093 3711 et
1109 3675 1169 3723 me

75 3733 256 3787 Lachmann.
275 3759 308 3770 -
326 3730 400 3798 ignes
417 3745 446 3796 π,
464 3730 557 3782 imbres
570 3728 626 3783 He.
646 3732 722 3792 (teste
738 3727 766 3783 J⁴
787 3729 943 3798 Wagem).
1004 3729 1067 3780 416..
1082 3726 1123 3778 hin
1139 3741 1168 3792 n,

75 3803 144 3854 hine
164 3795 218 3851 He.
297 3801 356 3856 422.
374 3798 539 3866 trepidaeque
556 3813 584 3862 π,
601 3797 797 3866 tepidaequeJ.
872 3799 930 3852 424.
949 3801 974 3850 et
991 3811 1020 3859 π,
1038 3793 1064 3846 hi
1081 3794 1106 3847 J.
1126 3793 1168 3846 W.

155 3869 218 3919 430.
236 3867 352 3935 tepidum
370 3867 424 3919 ida.

105 3953 159 3994 Vel.
174 3951 275 3992 Flaccus.
1000 3950 1013 3998 'i
