2780 4350
456 205 710 261 Ancortxvrtcort
729 209 821 262 LlBliR
841 211 907 262 Vlll.
1183 206 1244 268 149

201 365 260 426 heu
282 382 401 427 saevum
423 381 547 443 passure
569 364 662 426 demi
686 366 743 428 iam
765 365 846 426 nulla
868 365 978 427 noetis

200 451 316 526 vellera,
339 449 420 511 nulla
441 458 491 511 tua
512 449 655 530 fulgentia
677 452 753 513 dona
775 450 831 512 sub
854 451 966 512 rmrhra.

201 537 272 597 cede
294 535 366 614 adeo
389 536 480 614 inque
501 535 566 596 aliis
588 537 705 598 senium
727 555 809 598 nunc
831 537 931 616 digere
953 537 1028 599 lucis

201 622 365 695 immemor,
388 639 451 694 oro,
474 621 549 695 mei3
573 640 628 683 nec
650 641 698 683 me
719 630 768 683 tua
790 620 876 682 sibila
898 629 960 683 toto

201 706 349 785 exagitent
370 705 476 767 infesta
497 707 582 767 mari.
626 708 677 768 sed
699 715 732 768 tu
755 725 875 786 quoque
898 715 1029 782 cunctas

202 791 357 866 Aesonide,
381 791 492 852 dimitte
515 809 623 868 moras,
647 801 735 872 atque
756 793 852 871 effuge
874 793 965 872 raptis

200 876 366 938 velleribus.
411 877 522 957 patrios
546 878 655 940 extinxi
677 879 764 939 noxia
785 885 902 951 tauros3

201 963 363 1042 terrigenas
386 962 496 1023 inlata
519 962 602 1038 dedi;
625 965 725 1025 fusum
748 981 817 1024 ecce
840 963 976 1024 draconis

201 1066 311 1126 corpus
332 1047 431 1121 habes,
455 1048 572 1126 iamque
595 1067 683 1110 omne
705 1049 797 1123 nefas,
819 1048 887 1122 iam,
910 1067 1007 1128 spero,
1030 1043 1152 1128 peregi.²

200 1133 450 1212 quaerenti-tunc
472 1133 577 1194 deinde
599 1135 683 1208 viam
706 1152 765 1212 qua
787 1152 819 1194 se
841 1133 952 1194 arduus
974 1135 1062 1194 heros

199 1220 291 1287 ferret
312 1218 348 1278 ad
370 1219 522 1298 aurigerae
545 1227 633 1299 caput
654 1220 767 1280 arboris
785 1213 853 1292 ‘cia‚
876 1236 931 1295 per
952 1219 1050 1299 ipsum

201 1303 309 1365 scande
331 1321 385 1382 age
408 1313 436 1365 et
457 1304 579 1366 adverso
602 1299 729 1384 gressus'
754 1303 795 1365 ait
811 1298 963 1382 ‘imprime
985 1300 1092 1366 dorso?

201 1409 258 1451 nec
278 1407 361 1450 mora
382 1390 423 1450 lit.
453 1389 554 1467 dictis
576 1391 670 1452 fidens
693 1388 827 1452 Cretheia
848 1389 948 1469 proles

202 1475 293 1536 calcat
315 1482 352 1550 et,
376 1475 484 1536 aeriam
507 1477 648 1553 quamvis,
671 1477 820 1556 perdentur
841 1474 877 1535 ad
900 1492 1017 1550 ornum,

201 1559 287 1621 cuius
309 1560 405 1620 adhuc
427 1561 545 1621 rutilam
567 1561 721 1623 servabant
742 1559 878 1622 bracchia
900 1560 1017 1639 pellem,

201 1645 330 1707 nubibus
353 1645 485 1706 accensis
508 1645 632 1708 similem
654 1653 705 1707 aut
726 1664 795 1707 cum
817 1651 897 1706 veste
917 1646 1047 1707 recincta

201 1730 309 1792 labitur
331 1731 445 1792 ardenti
467 1731 675 1792 Thaumantias
697 1731 781 1792 obvia
802 1730 931 1792 Phoebo.

202 1816 325 1896 corripit
347 1822 479 1895 optatum
502 1817 591 1877 decus
614 1825 837 1894 extremumque
859 1815 989 1876 laborem

163 1943 164 1946 κ
202 1901 373 1975 Aesonides,
395 1903 561 1980 longosque
583 1902 638 1963 sibi
662 1909 771 1981 gestata
793 1918 849 1981 per
869 1918 964 1961 annos

201 1987 343 2048 Phrixeae
365 1995 556 2048 monumenta
576 1988 664 2066 fugae
685 1986 732 2048 vix
755 1985 881 2047 reddidit
901 1986 990 2046 arbor

202 2091 270 2132 cum
292 2071 402 2151 gemitu
424 2071 584 2151 tristesque
606 2092 698 2152 super
720 2071 817 2133 coiere
838 2071 988 2132 tenebrae.

203 2157 314 2236 egressi
335 2157 473 2236 relegunt
495 2175 614 2237 campos
636 2166 665 2218 et
686 2157 817 2218 fluminis
840 2174 892 2217 ora

202 2261 315 2304 summa
337 2249 452 2321 petunt.
497 2242 586 2303 micat
607 2243 704 2303 omnis
727 2259 805 2321 ager,
828 2241 963 2320 villisque
985 2249 1150 2303 comantem

202 2327 323 2388 sidereis
345 2336 423 2388 totos
445 2327 554 2407 pellem
576 2347 658 2389 nunc
679 2327 777 2388 fundit
798 2326 829 2386 in
850 2333 940 2401 artuS,

202 2413 336 2474 nuncin
361 2413 435 2474 colla
457 2414 556 2487 refert,
580 2432 661 2474 nunc
684 2412 815 2492 implicat
836 2410 885 2471 ille
908 2410 1053 2474 sinistrae.

201 2499 267 2560 talis
290 2498 325 2558 ab
348 2497 476 2560 Inachiis
496 2499 623 2560 Nemeae
646 2497 819 2578 Tirynthius
842 2496 934 2558 antris

202 2584 271 2657 ibat,
294 2585 389 2645 adhuc
411 2592 514 2663 aptans
536 2583 647 2645 umeris
670 2583 819 2664 capitique
841 2583 967 2645 leonem.

203 2678 236 2729 ut
257 2687 326 2729 vero
349 2670 448 2744 sociis,
472 2670 523 2748 qui
545 2678 617 2731 tunc
639 2669 787 2750 praedicta
809 2668 949 2729 tenebant

203 2753 286 2827 ostia,
309 2773 363 2834 per
384 2755 488 2833 longas
511 2755 647 2834 apparuit
669 2773 777 2816 aureus
799 2753 927 2825 umbras
998 2786 1003 2795 ·

203 2840 314 2900 clamor
335 2841 371 2900 ab
393 2839 556 2900 Haemonio
578 2840 674 2918 surgit
696 2855 801 2918 grege3
824 2857 857 2898 sc
879 2855 999 2916 quoque
1022 2837 1152 2914 gaudens

202 2933 355 3005 promovet
377 2927 413 2986 ad
435 2924 544 3004 primas
566 2923 664 2985 iuveni
686 2923 757 2985 ratis
780 2923 863 2984 obvia
885 2922 973 3002 ripas.

105 3037 107 3044 ·
202 3011 379 3090 praecipites
402 3008 461 3089 agit
482 3009 531 3071 illc
554 3010 662 3088 gradus
684 3011 779 3090 adque
801 3026 888 3069 aurea
911 3007 990 3068 misit

203 3103 284 3174 terga
307 3095 406 3176 prius;
429 3115 497 3156 mox
518 3095 640 3156 attonita
663 3115 731 3156 cum
753 3093 866 3173 virgine
888 3112 1018 3173 puppem

203 3181 296 3242 insilit
316 3200 350 3242 ac
372 3189 454 3260 rapta
476 3181 568 3242 victor
590 3181 725 3242 consistit
746 3180 777 3240 in
800 3181 891 3240 hasta.

245 3266 360 3327 Interea
383 3266 492 3346 patrias
514 3285 616 3327 saevus
638 3267 718 3327 venit
740 3266 847 3325 horror
868 3264 903 3324 ad
926 3281 1012 3323 aures

202 3352 260 3412 lata
282 3352 386 3414 domus
408 3352 581 3431 luctumque
601 3353 700 3414 ferens
721 3351 914 3428 fraudemque
935 3349 1095 3432 fugamque
1202 3359 1245 3410 135

192 3608 245 3658 too.
264 3619 311 3656 nec
320 3604 357 3669 M,
373 3603 424 3655 heu
443 3604 475 3656 A.
519 3635 522 3646 ι
547 3606 604 3659 tot.
622 3603 713 3656 infesta
725 3602 761 3667 M,
779 3603 803 3653 in
821 3603 872 3654 iata
890 3602 951 3654 hrt.
1008 3603 1063 3654 113.
1082 3601 1195 3668 squamis

117 3675 150 3724 A.
222 3675 271 3726 138
283 3703 303 3710 .„
322 3675 368 3726 153
384 3679 410 3723 et
427 3675 561 3726 asc-385
581 3673 677 3723 demant
693 3675 722 3722 in
734 3672 765 3732 V,
784 3675 813 3722 in
832 3687 883 3737 quo
904 3671 1048 3722 rat-185
1067 3675 1195 3720 secuntur

118 3757 224 3793 veroum
243 3743 301 3806 365,
319 3739 373 3794 MR
382 3742 478 3792 babent
490 3743 620 3794 tao-153
633 3746 659 3791 et
676 3743 823 3799 ast-mm
846 3743 921 3792 tac-0
932 3741 977 3790 185
991 3742 1117 3788 sectentur
1135 3753 1194 3788 aar·

117 3827 176 3861 eum
196 3812 255 3863 385.
273 3825 352 3861 vomo
369 3825 492 3861 varmum
510 3809 576 3860 ordo
593 3800 735 3860 restitutos
759 3814 797 3859 ost
824 3812 852 3858 in
869 3806 913 3860 m.
975 3811 1041 3873 post
1067 3808 1112 3859 135
1132 3806 1195 3857 Pius

119 3883 149 3930 in
167 3878 304 3931 nortnuttis
322 3879 465 3946 codicibus,
483 3895 537 3930 nort
556 3884 644 3930 tamen
663 3880 858 3944 antiquissimis
876 3878 923 3928 boc
940 3877 1062 3943 repperit
1078 3890 1184 3926 verm:
