2764 4340
637 212 664 262 G,
681 209 798 262 VALERl
814 209 926 263 Fluunt

304 383 364 443 huc
384 383 495 444 rexisse
517 382 577 444 vias
600 382 708 443 iunctis
731 400 822 461 super
843 400 971 461 aequora
992 382 1105 461 phocis,

305 487 393 546 saepe
414 468 481 528 imis
504 487 535 528 se
558 468 659 529 condit
680 467 764 546 aquis
787 474 982 546 cunctataque
1007 468 1128 546 paulum

305 553 400 631 surgit
421 560 454 613 ut
474 553 587 614 auditas
608 553 740 614 referens
761 553 793 613 in
815 553 931 633 gurgite
952 557 1050 628 voces)

229 683 232 692 .
302 630 436 716 ‘portum
458 631 569 699 demus'
593 631 671 713 ait,‘
676 683 771 699 ......
786 638 868 712 haec,
892 637 1010 711 credite,
1033 637 1144 717 puppis

305 723 421 784 advenit
442 731 471 784 et
492 723 584 784 levior
606 723 718 785 Lemno
741 722 813 784 deus
835 741 964 802 aequore
985 723 1066 783 tlexit

304 809 364 869 huc
384 809 513 888 Minyas;
537 807 637 869 Venus
659 808 722 888 ipsa
743 808 845 870 volens
867 808 915 870 dat
936 825 1061 886 corpora
1082 807 1181 888 iungi,

305 893 375 954 dum
397 895 473 954 vires
495 901 581 954 utero
602 900 794 972 maternaque
817 893 927 954 suflicit
948 887 1045 954 aetas?

305 978 381 1038 dicta
402 979 521 1058 placent
541 986 697 1058 portatque
718 997 823 1058 preces
846 979 881 1040 ad
903 978 988 1040 litora
1011 976 1094 1038 Grais

304 1063 445 1142 lphinoe;
469 1082 524 1124 nec
547 1063 632 1126 turba
654 1083 766 1125 nocens
789 1063 969 1142 scelerisque
989 1062 1120 1124 recentis

305 1149 388 1228 signa
410 1157 543 1224 movent,
566 1149 703 1229 tollitque
723 1149 781 1210 loci
805 1149 946 1228 Cytherea
967 1148 1112 1209 timorem.

553 1238 569 1276 s
776 1238 792 1276 s
998 1238 1014 1274 s

304 1319 444 1397 protinus
467 1319 618 1398 ingentem
639 1337 799 1398 procerum
821 1318 876 1379 sub
900 1317 1019 1378 nomine
1041 1324 1159 1378 taurum

305 1403 407 1478 deicit,
431 1404 556 1464 insuetis
578 1411 608 1464 et
628 1404 685 1464 iam
707 1403 756 1481 pia
777 1421 901 1464 munera
922 1401 1040 1482 templis

305 1487 399 1548 reddit
422 1495 451 1548 et
473 1488 528 1548 hac
550 1487 645 1567 prima
666 1486 788 1549 Veneris
811 1487 885 1549 calet
907 1507 956 1548 ara
978 1488 1110 1549 iuvenca.

264 1632 269 1642 ,
347 1571 475 1633 Ventum
499 1580 560 1633 erat
581 1572 618 1633 ad
639 1591 760 1652 rupem,
784 1573 869 1635 cuius
891 1573 1050 1652 pendentia
1072 1571 1166 1650 nigris

304 1658 419 1718 sumant
441 1677 508 1718 saxa
530 1657 607 1736 iugis
630 1658 828 1737 coquiturque
849 1658 1006 1739 vaporibus
1027 1676 1086 1718 aer.

305 1742 436 1803 substitit
458 1743 636 1818 Aesonides,
658 1743 755 1822 adque
775 1743 825 1805 hie
846 1744 948 1824 regina
970 1742 1085 1822 precari

303 1829 439 1889 hortatur
468 1847 630 1934 causasque
652 1829 762 1891 docens
781 1824 867 1891 ‘haec
888 1837 971 1890 antra
993 1827 1097 1889 ridetis

304 1908 495 1992 Vulcanique’
519 1914 558 1975 ait
591 1933 659 1975 ecce
681 1915 799 1975 domos:
824 1915 889 1975 date
910 1913 977 1974 vina
998 1929 1173 1993 precesque.

303 1998 425 2057 forsitan
448 1999 506 2059 hoo
527 1999 638 2058 lactum
658 2006 753 2060 taceat
773 1999 831 2059 iarn
851 1998 965 2060 lulrnen
986 1998 1019 2058 in
1041 2005 1141 2058 antro:

305 2100 363 2142 nox
386 2082 464 2142 dabit
486 2082 549 2161 ipsa
571 2083 674 2158 fidem,
698 2083 813 2144 clausae
834 2102 903 2144 cum
925 2101 1077 2144 murmura
1099 2082 1244 2156 flammae,

305 2167 431 2246 hospes,
455 2174 484 2228 et
505 2167 641 2228 incussae
663 2167 793 2228 sonitum
814 2168 959 2230 mirabere
980 2163 1111 2230 massae?

303 2252 420 2313 moenia
442 2259 505 2312 tum
527 2252 662 2332 viresque
683 2252 742 2314 loci
763 2261 935 2333 veteresque
957 2261 1114 2333 parentum

303 2337 390 2398 iactat
412 2357 494 2417 opes
537 2337 641 2400 mediis
661 2339 787 2400 famulae
809 2339 939 2402 convivia
960 2339 1045 2400 tectis

305 2423 481 2502 expediunt3
504 2423 592 2502 Tyrio
614 2424 709 2484 vibrat
729 2432 814 2485 torus
836 2425 942 2503 igneus
964 2431 1055 2484 ostro.

303 2514 359 2567 stat
381 2525 516 2568 maerens
538 2515 635 2569 atavos
656 2528 740 2587 reges
763 2527 908 2589 regesque
929 2508 1049 2570 maritos

303 2591 430 2652 Thressa
451 2609 566 2667 manuS,
590 2610 795 2672 quaecmnque
816 2594 894 2654 laces
917 2593 1049 2654 timuisse
1071 2591 1183 2672 iugales

304 2676 412 2736 credita
435 2694 490 2737 nee
513 2676 647 2738 dominae
669 2685 803 2739 sanctum
825 2678 956 2758 tetigisse
978 2677 1084 2740 cubile.

302 2762 359 2821 iam
381 2761 510 2823 medium
533 2762 711 2838 AesonideS,
735 2763 791 2823 iam
815 2783 846 2825 se
868 2764 970 2844 regina
991 2763 1106 2836 locavit,

302 2854 369 2926 post
391 2847 440 2908 alii
461 2865 617 2927 proceres;
641 2849 731 2910 sacris
754 2850 825 2910 dum
845 2849 973 2910 vincitur
995 2848 1068 2910 extis

302 2931 397 3012 prima
417 2934 525 3009 sames,
548 2935 659 2997 circum
681 2935 790 3014 pateris
813 2935 836 2996 it
856 2935 989 2996 Bacchus
1012 2941 1041 2995 et
1061 2931 1158 2994 omnis

217 3148 304 3200 Locus
322 3149 477 3216 desperatur
493 3167 499 3210 ;
518 3150 677 3215 teorptcbam
688 3167 723 3200 ec
737 3157 818 3218 parte
828 3147 971 3204 Halmium
982 3155 1100 3202 secutur:
1118 3147 1163 3200 sed
1173 3153 1206 3214 te,
1225 3154 1289 3209 vagu

217 3217 295 3282 Ceto,
319 3216 463 3284 Proteaque
487 3233 510 3273 a.
528 3217 575 3268 Ph.
600 3221 639 3268 est
662 3233 747 3270 rumor
764 3217 796 3270 ob
814 3234 836 3270 a.
859 3217 934 3270 'l'hilo
951 3225 1013 3286 post
1029 3221 1077 3272 att
1097 3231 1201 3267 cerrum
1220 3212 1289 3266 ecol-

217 3285 286 3336 dtsse
304 3290 329 3334 ee
347 3285 413 3335 talia
431 3286 488 3347 sere
507 3285 646 3338 Valerium
663 3290 800 3353 scripsere
816 3291 983 3352 suspicatur:
1002 3301 1091 3354 genos,
1107 3283 1218 3336 inmunia
1235 3281 1288 3358 cete

216 3353 281 3404 inter
291 3389 445 3407 .........
455 3353 574 3406 copulata
592 3353 681 3406 Cabiro
692 3353 721 3407 P.
740 3369 762 3406 a.
790 3354 889 3408 Phariis
907 3360 1021 3408 narratur
1038 3355 1069 3408 ab
1087 3369 1111 3408 a.
1178 3354 1237 3406 322.
1254 3347 1288 3399 all

216 3420 278 3472 haec
296 3419 390 3472 credite
407 3437 435 3485 π,
453 3421 489 3472 ait
506 3421 568 3474 haec
585 3421 685 3488 hospita
703 3422 797 3474 credite
817 3422 843 3486 C,
863 3424 897 3474 ait
915 3424 987 3476 nohis
1005 3423 1067 3476 haee
1085 3421 1179 3474 credite
1196 3418 1238 3484 B,
1254 3414 1288 3465 ali

215 3489 281 3540 laeta
299 3487 361 3540 haee
379 3487 440 3538 mihi
466 3488 559 3542 credite
580 3489 626 3542 Th.
646 3521 680 3529 —
697 3507 737 3542 vv.
756 3493 891 3546 att—too
910 3492 1051 3543 desentire
1069 3491 1095 3542 Ρ.
1149 3491 1208 3543 324.
1226 3491 1286 3538 tem·

216 3571 277 3623 pora
291 3573 319 3622 n,
338 3571 443 3622 corpora
463 3555 533 3624 Boc.
621 3561 677 3611 327.
697 3559 812 3611 nocentis
837 3575 865 3626 n,
883 3561 991 3612 recentis
1009 3560 1041 3612 Pr
1059 3562 1088 3610 in
1106 3573 1159 3624 mg.
1177 3582 1211 3596 -
1228 3553 1287 3606 Post

216 3641 239 3675 c.
268 3627 316 3678 328
342 3625 471 3676 occidione
506 3627 637 3679 nonrtulla
663 3633 735 3679 recte
757 3631 852 3679 statuit
882 3627 943 3694 Tu,
971 3631 1026 3679 nisi
1051 3628 1123 3689 sorte
1152 3627 1223 3676 hunc
1250 3621 1285 3672 lo·

216 3709 275 3744 eum
293 3692 478 3760 imperfectum
497 3693 606 3759 reliquit
621 3701 708 3760 poeta.
788 3698 845 3750 ³29.
863 3695 915 3749 dux
939 3697 1041 3748 nomine
1066 3697 1175 3747 ermon
1199 3689 1284 3761 (Veri-

215 3763 293 3814 stmil.
312 3763 380 3825 tot).
451 3763 509 3814 331.
528 3777 611 3820 corr.;
631 3766 808 3830 temptatam:
828 3764 932 3816 forsitan
950 3765 999 3816 hoe
1016 3764 1089 3828 fallit,
1107 3767 1191 3815 taceat
1207 3775 1251 3815 cur
1268 3757 1283 3834 l:

215 3828 240 3878 in
258 3833 339 3880 antro.
398 3831 455 3882 339.
474 3829 576 3880 incusae
594 3828 647 3881 Ma.
667 3831 728 3892 (cfr.
748 3831 829 3897 Verg.
851 3832 946 3898 Georg.
965 3833 989 3896 l,
1007 3833 1076 3896 275).
1147 3833 1204 3885 346.
1223 3824 1285 3882 med!

218 3895 250 3960 V,
267 3895 348 3947 media
366 3896 395 3960 P,
413 3896 497 3948 medlo
515 3893 551 3962 Μ,
569 3897 684 3964 medium!
697 3899 742 3950 He.
