2792 4340
634 208 660 259 C.
678 207 795 259 VALERl
812 207 923 260 FLACCI

295 373 453 426 extremam
475 363 597 424 molitur
618 381 714 442 opem,
736 363 853 423 lunesta
875 363 958 442 prius
981 382 1067 442 quam

296 449 420 510 consilia
443 467 476 509 ac
498 467 595 509 saevas
617 447 711 526 aperit
732 465 784 509 rex
806 449 937 526 perfidus
959 448 1028 508 iras.

295 535 430 614 increpat
452 542 481 595 et
502 533 576 595 seris
599 533 764 593 Vulcanum
786 541 895 593 maesta
917 533 1065 612 querelliS,

295 619 381 679 cuius
402 618 589 679 flammiferos
610 618 687 678 videt
709 618 786 678 inter
807 619 887 696 regia
908 627 1007 678 tauros

294 722 403 783 pascua
424 703 591 764 Tartaream
612 702 772 782 proflantes
794 711 914 782 pectore
935 712 1062 764 noctem.

294 790 367 850 haec
388 788 497 850 etenim
517 788 630 866 Minyas
652 806 691 847 ne
712 787 835 866 iungere
856 788 948 849 Marte
969 797 1087 867 peracto

293 881 426 934 monstra
447 873 516 933 satis
538 872 636 934 iubeat
659 872 774 934 Cadmei
797 873 933 934 dentibus
955 873 1038 952 hydri

295 959 408 1033 Aeetes,
430 958 513 1019 timet
535 965 563 1018 et
584 958 676 1018 varias
699 957 900 1038 circumspicit
920 967 1007 1018 artes.

294 1043 356 1103 sola
378 1043 475 1103 animo
497 1042 598 1103 Medea
620 1042 708 1117 subit,
730 1061 815 1104 mens
837 1043 934 1104 omnis
955 1043 986 1103 in
1013 1062 1071 1103 una

294 1127 416 1206 virgine,
440 1127 595 1188 nocturnis
617 1147 675 1206 qua
698 1127 779 1188 uulla
800 1128 950 1206 potentior
972 1127 1038 1188 aris.

293 1212 374 1273 illius
396 1212 432 1273 ad
452 1213 587 1274 fremitus
611 1231 789 1292 sparsosque
810 1232 865 1292 per
886 1213 947 1273 avia
968 1231 1055 1273 sucos

294 1298 390 1360 sidera
411 1299 467 1359 fixa
488 1306 594 1377 pavent
616 1307 645 1359 et
667 1299 711 1358 avi
732 1305 832 1377 stupet
854 1298 947 1358 orbita
969 1297 1056 1360 Solis.

293 1391 386 1443 mutat
407 1401 494 1461 agros
515 1383 697 1460 fluviumque
718 1383 788 1457 vias,
811 1401 883 1443 suus
905 1382 1003 1461 alligat
1024 1400 1158 1460 urguens

295 1475 400 1527 cuncta
423 1485 523 1546 sopor,
546 1475 658 1527 recreat
679 1467 774 1528 fessos
796 1475 889 1528 aetate
910 1475 1057 1546 parentes,

294 1551 400 1629 datque
422 1551 492 1612 alias
514 1551 579 1612 sine
601 1551 665 1629 lege
687 1552 780 1612 colus.
825 1552 902 1613 hanc
922 1553 1046 1613 maxima
1070 1551 1153 1613 Circe
1284 1561 1320 1612 445

293 1635 429 1696 terrificis
450 1635 553 1696 mirata
574 1636 678 1710 modiS,
700 1637 777 1697 hanc
798 1636 907 1698 advena
929 1638 1064 1710 Phrixus,

293 1722 424 1800 quamvis
446 1721 562 1782 Atracio
585 1721 685 1782 lunam
707 1740 845 1800 spumare
869 1741 982 1782 veneno

292 1806 381 1867 sciret
403 1815 432 1868 et
452 1805 622 1867 Haemoniis
644 1806 746 1885 agitari
768 1807 903 1868 cantibus
926 1806 1054 1867 umbras.

293 1909 363 1969 crgo
386 1891 493 1971 opibus
514 1892 635 1969 magicis
658 1900 687 1953 et
707 1891 872 1970 virginitate
894 1891 1075 1953 tremendam

292 1975 366 2036 luuo
390 1977 458 2036 duci
480 1976 590 2036 sociam
611 1975 794 2055 coniungere
819 1977 934 2056 quaerit
954 1976 1072 2037 Achiuo.
1282 1983 1321 2035 454

292 2079 352 2119 444
375 2059 461 2120 aliam
482 2059 574 2148 taqris
598 2060 675 2121 videt
697 2069 725 2121 et
746 2062 937 2123 nascentibus
958 2061 1046 2122 armis

291 2144 403 2223 quippe
423 2162 534 2224 parem,
557 2162 613 2206 nec
635 2164 709 2223 quae
730 2145 827 2209 medio
850 2147 958 2207 stetin
981 2146 1097 2225 agmine
1118 2145 1258 2220 11444444,

291 2229 407 2290 nullum
428 2238 496 2291 nata
517 2231 609 2304 nolas,
632 2231 731 2290 nullos
752 2231 924 2292 horrescere
944 2231 1034 2292 visus.

290 2315 363 2393 quid
384 2314 410 2375 si
432 2334 537 2377 caecus
559 2334 641 2376 amor
661 2334 823 2394 saeuusque
845 2316 1001 2378 accesserit
1023 2313 1128 2394 ignis‘.l

289 2400 360 2460 hinc
381 2400 504 2462 Veneris
525 2400 668 2462 thalamos
689 2419 865 2480 semperque
886 2401 1015 2463 recentia
1036 2401 1123 2461 sertis
1285 2407 1322 2459 455

289 2491 366 2544 tecta
387 2486 469 2562 petit.
514 2484 574 2544 visa
596 2485 756 2546 iandudum
777 2486 895 2563 prosilit
915 2486 981 2548 altis

290 2567 354 2628 diva
375 2569 448 2628 toris
469 2567 682 2647 volucrumque
704 2571 850 2632 exercitus
872 2571 968 2632 omnis
990 2571 1141 2632 Amorum.

289 2670 323 2712 ac
345 2651 427 2731 prior
448 2652 524 2714 hanc
546 2653 669 2732 placidis
690 2654 816 2732 supplex
838 2656 975 2717 Saturnia
998 2656 1082 2717 dictis

290 2736 460 2817 adgreditur
480 2755 564 2799 veros
586 2746 720 2800 metuens
741 2739 857 2819 aperire
878 2741 1009 2802 timores.

289 2817 332 2883 ‘in
354 2823 491 2884 manibus
513 2842 582 2904 spes
605 2833 705 2887 nostra
726 2825 785 2885 tuis
807 2825 964 2905 omnisque
985 2833 1115 2905 potestas
1284 2833 1323 2884 444

290 2903 379 2968 nunc’
402 2908 457 2984 ait;
478 2903 548 2969 ‘hoc
571 2909 657 2971 etiam
679 2910 772 2988 magis
793 2911 891 2972 adnue
912 2930 978 2972 vera
1000 2910 1112 2972 fatenti.

291 2992 383 3052 durus
405 3001 438 3052 ut.
460 2993 605 3070 Argolicis
627 2994 799 3073 Tirynthius
821 2995 1008 3070 4441444414,

289 3095 373 3136 mens
395 3075 467 3137 mihi
490 3095 551 3138 444
574 3077 674 3139 eadem
695 3079 771 3140 lovis
793 3089 880 3158 atque
902 3100 1003 3142 aversa
1024 3080 1168 3155 44144444,

290 3159 390 3221 nullus
412 3161 509 3222 honor
530 3161 665 3222 thalamis
686 3163 852 3228 flammaeve
874 3165 905 3226 in
928 3174 1015 3228 nocte
1036 3165 1162 3244 priores.

289 3243 333 3318 da,
356 3262 471 3324 precor,
493 3245 611 3308 artillcis
632 3246 737 3310 blanda
759 3250 954 3329 adspiramina
968 3252 1080 3312 formae
1285 3257 1324 3310 445

288 3335 467 3408 ornatusque
489 3339 556 3394 tuos
578 3339 656 3393 44444
678 3334 818 3413 caeloque
839 3331 995 3415 potentes.³

204 3447 510 3460 *ma-...mna-

154 3505 163 3522 '
272 3515 331 3568 444.
350 3511 509 3578 sorlstoorr.
528 3516 605 3580 sevis)
624 3517 747 3583 Mucias
766 3517 793 3571 C.
861 3523 920 3573 433.
939 3520 1022 3572 saevis
1042 3517 1067 3571 C.
1143 3521 1202 3571 438.
1221 3521 1280 3569 4444

202 3581 268 3635 diem
286 3595 314 3644 4,
332 3581 424 3632 Aratea
442 3578 501 3632 Solu.
587 3586 736 3638 439-446
755 3586 849 3637 dosunt
866 3590 895 3637 in
915 3588 946 3638 V.
1015 3590 1074 3640 441.
1093 3586 1126 3637 ad
1144 3583 1278 3646 1144444111,

202 3649 235 3702 ad
252 3648 367 3700 fortuitus
385 3646 412 3706 O:
431 3663 467 3700 44
484 3648 515 3700 ad
534 3649 621 3703 144441
640 3653 701 3718 (cll.
719 3655 788 3720 646).
806 3683 841 3694 -
857 3669 914 3706 aera
925 3657 1068 3708 Francius.
1138 3657 1197 3708 443.
1211 3653 1280 3722 ignis

203 3715 308 3782 141441
329 3715 355 3780 0,
374 3715 462 3834 lupeno
480 3714 528 3782 132,
545 3733 655 3786 urguens
674 3722 734 3774 Sol.
819 3726 877 3775 444.
896 3725 985 3776 recolit
1002 3722 1039 3787 M,
1056 3722 1154 3774 relovet
1173 3723 1222 3786 1³12,
1239 3738 1280 3775 re-

202 3783 289 3862 coquit
309 3781 352 3836 Gr.
371 3783 389 3846 (l
417 3785 494 3865 ,2l),
510 3792 607 3838 recreat
624 3789 685 3841 Seli.
737 3793 795 3844 453.
813 3799 898 3843 mente
915 3791 951 3854 M,
969 3797 1028 3843 nata
1046 3791 1107 3843 Sclt.
1170 3793 1229 3843 458.
1248 3806 1279 3843 44

202 3865 271 3918 pnor
289 3865 318 3900 44
337 3849 372 3912 Μ,
390 3865 419 3902 44
437 3867 505 3918 44444
522 3853 586 3906 hauc
606 3854 632 3906 0.
702 3860 760 3910 463.
779 3858 885 3910 adversa
904 3859 939 3924 M,
957 3875 1045 3912 444444
1065 3859 1109 3911 Gr.
1130 3858 1183 3923 (lV,
1203 3861 1254 3924 tt).
