2764 4340
600 231 626 282 C.
644 227 761 280 vntum
777 227 889 281 rutum

294 403 461 466 condensae
483 403 570 465 lletus
592 407 702 462 acuunt
723 419 757 462 ac
779 400 840 462 dira
861 407 1022 480 precantur

294 489 432 568 coniugia
454 495 483 549 et
505 485 620 567 Stygias
641 484 760 548 inlanda
781 487 817 548 ad
838 487 958 548 loedera
978 487 1086 548 taedas.

336 575 395 636 llas
416 573 494 636 inter
514 571 642 642 medios,
663 571 796 650 Dryopes
817 571 850 632 in
871 571 998 650 imagine
1019 579 1155 646 maestae,

293 660 345 722 sset
364 659 464 720 Venus
485 665 515 720 et
536 657 628 720 sacris
649 657 754 718 ardens
776 657 830 718 dea
850 657 1127 736 planctibusinstat

293 746 447 825 primaque
466 736 654 806 ‘Sarmaticas
674 742 788 804 utinam
808 742 940 804 Fortuna
961 743 1089 804 dedisset

294 830 438 892 insedisse
460 830 563 891 domos
584 827 743 906 tristesque
763 825 909 890 habitasse
931 828 1063 906 prasinos,

294 916 425 996 plaustra
446 913 546 993 sequi,
568 912 613 973 rel
635 911 692 974 hm
713 911 824 992 patriae
846 912 952 974 vidisse
973 931 1028 992 per
1048 913 1136 992 ignes

229 1047 231 1054 .
295 1002 413 1062 culmen
436 1000 483 1078 agi
505 1006 690 1078 stragemque
711 997 815 1060 deum!
837 1016 906 1060 nam
927 1004 1024 1058 catara
1045 997 1114 1060 belli

294 1085 485 1166 perpetimur.
529 1103 616 1146 mane
637 1083 686 1144 ille
708 1082 808 1157 novis,
829 1101 877 1144 me
899 1083 1025 1144 destinat
1045 1101 1148 1146 aurens

266 1210 268 1216 ·
295 1168 444 1233 servitiis?
467 1169 572 1232 urbem
592 1175 643 1232 aut
662 1167 781 1246 fugiens
802 1175 947 1247 natosque
966 1167 1155 1247 relinquant

295 1276 356 1318 non
377 1256 463 1336 prius
485 1273 556 1318 ense
577 1272 683 1316 manus
704 1260 848 1332 raptoque
868 1253 1047 1315 arnnabirnus
1069 1254 1147 1332 igne,

296 1341 425 1421 dumque
447 1339 536 1402 silent
557 1339 730 1416 ducuntque
751 1357 825 1400 nova
846 1358 915 1400 cum
936 1338 1064 1418 coniage
1085 1357 1216 1412 somnos,

294 1444 435 1504 magnum
456 1423 567 1502 aliquid
588 1423 710 1502 spirabit
731 1417 844 1486 amor‘l’
867 1431 940 1486 tunc
960 1424 1047 1502 ignea
1067 1431 1212 1503 torquens

295 1510 407 1572 lumina
427 1508 604 1588 praecipites
626 1507 754 1569 excussit
774 1508 811 1569 ab
832 1508 923 1570 ubere
946 1515 1039 1570 natos.

200 1659 203 1668 ,
295 1596 375 1658 ilicet
396 1601 525 1656 arrectae
547 1599 661 1656 mentes
683 1591 833 1672 eriemque
854 1601 981 1656 matrum

297 1679 385 1742 corda
408 1697 490 1740 sacer
511 1677 635 1739 Veneris
655 1676 783 1756 gemitus
804 1679 895 1758 rapit:
919 1697 1048 1763 aequora
1070 1686 1192 1740 eunome

295 1765 483 1846 prospiciunt
503 1763 702 1842 simulantque
723 1764 830 1826 choros
851 1763 1031 1843 delubraque
1052 1765 1126 1826 testa

294 1851 399 1913 fronde
420 1857 524 1929 tegunt
544 1849 696 1928 laetaeque
716 1849 786 1912 viris
807 1849 993 1912 venientibus
1012 1850 1130 1912 adsunt

296 1937 412 2016 iamque
434 1936 536 1998 domos
556 1953 734 2013 mensasque
755 1941 877 2012 petunt;
900 1934 1097 1996 discrurhitur
1115 1933 1180 1995 altis
1299 1981 1307 1995 .

295 2021 476 2102 porticibus;
498 2037 552 2086 sua
573 2019 682 2097 cuique
702 2019 806 2080 lurcos
826 2020 1002 2098 lmrrstaque
1026 2020 1155 2082 coniunx

297 2106 416 2180 adiacet,
439 2103 548 2167 interni
571 2103 666 2182 qualis
688 2102 743 2165 sub
765 2111 852 2164 nocte
873 2103 1001 2166 barathri

261 2255 265 2265 ,
296 2190 421 2252 adcubat
441 2188 597 2250 attonitum
619 2187 767 2268 Phlegyan
791 2195 821 2250 et
841 2189 954 2252 Thesea
975 2189 1056 2252 iuxta

296 2275 459 2355 Tisiphone
480 2291 638 2352 saevasque
660 2274 749 2352 dapes
771 2280 799 2334 et
820 2275 927 2353 pocada
946 2274 1019 2339 libat

296 2360 448 2440 (tormenti
467 2360 573 2440 genus)
596 2366 625 2420 et
644 2358 739 2438 nigris
760 2361 947 2438 amplectitur
967 2361 1076 2440 hydris.

338 2447 405 2525 lpsa
426 2445 527 2506 Venus
548 2463 692 2522 quassans
714 2445 875 2508 undantem
897 2445 1016 2507 turbine
1037 2447 1141 2526 plnum

296 2531 475 2610 adglomerat
496 2529 631 2590 tenebras
654 2547 830 2607 pugnaeque
851 2531 983 2591 adcincta
1004 2537 1178 2592 trementem

297 2615 393 2676 desilit
413 2614 445 2675 in
467 2613 618 2688 Lemnon3
640 2613 749 2674 nimbis
771 2621 800 2676 et
821 2614 887 2676 luce
908 2615 1022 2694 fragosa

295 2699 488 2780 prosequitur
507 2699 596 2777 polus
618 2704 647 2758 et
666 2697 779 2760 tonitru
801 2705 886 2778 pater
906 2708 993 2779 auget
1011 2701 1138 2763 honoro.

296 2785 365 2848 inde
386 2803 490 2846 novam
504 2783 622 2864 pavidas
643 2801 744 2845 vocem
765 2783 925 2846 furibunda
945 2805 1000 2866 per
1020 2805 1107 2849 auras

297 2871 497 2952 congeminat,
520 2887 579 2950 qua
600 2869 715 2949 primm
736 2869 828 2932 Athos
850 2877 880 2931 et
900 2879 1012 2951 pontus
1033 2880 1061 2933 et
1081 2873 1188 2952 ingens

296 2956 409 3017 Thraca
430 2955 515 3035 palus
537 2955 706 3034 pariterque
728 2955 802 3016 toris
823 2956 976 3018 exhorruit
997 2957 1095 3023 omnis

296 3049 389 3104 mater
410 3048 439 3103 et
459 3040 598 3102 adstricto
620 3040 777 3118 riguemut
798 3041 890 3103 ubere
911 3042 981 3102 nati.

296 3127 440 3189 adcelerat
460 3125 554 3186 Pavor
575 3132 605 3185 et
624 3123 734 3186 Geticis
755 3125 906 3188 Discordia
927 3127 1048 3188 demens

297 3231 313 3272 e
334 3210 455 3272 stabulis
476 3217 614 3288 atraeque
635 3208 719 3288 genis
741 3209 918 3288 pallentibus
939 3211 1004 3274 lrae

297 3304 326 3357 et
346 3296 438 3358 Dolus
460 3301 489 3357 et
510 3293 616 3355 Rabies
639 3300 668 3356 et
688 3293 752 3355 Leti
774 3294 868 3356 maior
888 3295 983 3376 imago

269 3417 273 3426 ·
296 3381 356 3442 visa
377 3388 476 3442 truces
499 3387 596 3441 exerta
617 3397 733 3454 manus,
755 3385 789 3442 ut
810 3381 904 3458 prima
924 3388 1027 3442 vocatu

296 3465 428 3530 intonuit
447 3465 625 3546 signumque
647 3464 726 3526 dedit
746 3463 885 3528 Mavortia
907 3466 1046 3529 coniunx.

295 3551 345 3614 bic
366 3549 445 3614 aliud
467 3547 566 3614 Venus
588 3557 617 3612 et
637 3549 730 3612 multo
751 3550 844 3628 magis
865 3551 929 3632 ipsa
949 3551 1134 3618 tremendum

296 3655 363 3702 omo
384 3635 467 3700 nolas
488 3633 614 3714 gemitus
635 3633 720 3714 tingit
740 3654 886 3716 vocesque
907 3636 1062 3700 cadentum
1284 3651 1332 3706 ato

282 3857 328 3908 tm
348 3869 386 3922 sq.
405 3855 479 3906 loom
496 3853 675 3922 tarpoafeotru.
771 3855 827 3908 183.
845 3855 906 3906 licat
922 3855 970 3908 ¹lla.
1059 3809 1123 3911 tels
1140 3855 1285 3925 festinaque

214 3921 277 3986 Vll,
295 3922 472 3988 lestiuaqneP,
488 3921 685 3988 iulemoqnoFr.
699 3923 764 3988 (st),
781 3923 932 3989 moestaque
948 3923 1009 3975 Set.
