2764 4340
442 233 698 288 ARGONAVTICON
716 235 810 288 LlBER
826 237 844 289 l.

194 407 335 488 Cyaneas,
358 414 500 486 tantoque
520 408 586 469 silet
608 426 745 488 possessa
767 410 895 471 dracone

191 493 309 565 vellera,
331 492 489 554 multifidas
510 494 589 573 regis
611 511 701 572 quem
722 494 781 556 fllia
803 495 919 574 lingulas

191 577 357 639 vibrantem
379 597 414 638 ex
436 578 529 657 adytis
551 587 639 640 cantu
663 580 848 659 dapibusque
869 581 991 642 vocabat

194 672 223 725 et
244 662 330 723 dabat
352 665 474 724 externo
497 663 614 724 liventia
635 665 721 726 mella
743 683 868 726 veneno.

279 747 347 808 ltlox
369 748 449 808 taciti
470 756 593 826 patuere
615 749 675 809 doli
695 769 751 810 nec
772 749 880 810 vellera
902 768 990 812 curae

193 851 258 894 esse
280 832 352 906 viro,
376 834 428 894 sed
450 851 514 894 sese
537 833 611 894 odiis
634 834 762 896 inmania
784 835 850 914 cogi

193 918 225 978 in
247 917 331 978 freta.
355 935 414 996 qua
435 917 532 978 iussos
555 927 684 979 sectatur
704 937 847 998 quaerere
870 919 995 980 Colchos

194 1010 256 1063 arte
279 1010 376 1081 queat.
420 1021 502 1064 nunc
525 1002 595 1065 aerii
618 1004 762 1083 plantaria
783 1005 869 1066 vellet

193 1086 318 1148 Perseos
340 1094 392 1148 aut
413 1105 520 1148 currus
544 1096 572 1150 et
594 1107 669 1168 quos
691 1089 823 1150 frenasse
845 1089 988 1149 dracones

194 1171 334 1245 creditur,
357 1172 474 1250 ignaras
497 1172 613 1234 Cereris
634 1173 686 1252 qui
707 1192 824 1235 vomere
846 1181 939 1234 terras

193 1256 300 1317 imbuit
322 1264 351 1318 et
370 1258 441 1317 flava
465 1275 609 1336 quercum
632 1259 776 1320 damnavit
797 1257 895 1318 arista.

194 1342 252 1402 heu
276 1341 348 1420 quid
369 1339 459 1420 agat?
481 1344 667 1422 populumne
688 1343 782 1404 levem
803 1342 953 1421 veterique
974 1348 1099 1420 tyranno

195 1427 344 1487 infensum
373 1427 469 1506 adque
490 1428 560 1489 olim
581 1429 756 1490 miserantes
778 1431 891 1489 Aesona
914 1435 1013 1507 patres

194 1509 339 1572 advocet?
362 1530 399 1571 an
421 1512 501 1572 socia
522 1513 638 1574 lunone
660 1521 689 1574 et
710 1513 826 1574 Pallade
847 1513 941 1573 lretus

195 1597 343 1657 armisona
364 1603 485 1676 superet
505 1598 599 1677 magis
622 1605 650 1659 et
671 1598 746 1660 freta
767 1598 847 1658 iussa
869 1604 1011 1676 capessat,

195 1681 279 1759 siqua
301 1681 401 1760 operis
423 1681 496 1741 tanti
519 1683 629 1744 domito
652 1700 833 1761 consurgere
854 1689 947 1760 pcnto

196 1766 272 1826 fama
295 1764 407 1844 queat?
429 1773 462 1827 tu
485 1767 546 1826 sola
568 1768 682 1828 animos
703 1776 877 1844 mentesque
899 1765 1027 1845 peruris,

195 1850 310 1911 Glorial
333 1859 363 1910 te
384 1850 506 1912 viridem
527 1851 606 1912 videt
626 1851 848 1929 immunemque
870 1857 1006 1910 senectae

195 1935 328 1996 Phasidis
350 1934 381 1995 in
405 1935 469 2015 ripa
491 1944 616 1999 stantem
639 1936 826 2014 iuvenesque·
841 1941 1004 1994 vocantem.

194 2022 314 2082 tandem
334 2019 425 2082 animi
448 2021 594 2082 incertum
616 2021 799 2099 confusaque
821 2027 942 2099 pectora
962 2020 1060 2080 firmat

195 2105 320 2184 relligio,
344 2105 529 2184 tendensque
551 2107 614 2185 pias
636 2107 672 2168 ad
694 2105 789 2166 sidera
811 2105 932 2184 palmas,

192 2183 395 2268 ‘omnipotens
417 2190 538 2268 regina’,
561 2191 659 2270 inquit
681 2195 790 2269 ‘quam
813 2189 949 2251 turbidus
971 2196 1034 2249 atro

194 2275 313 2335 aethere
335 2275 503 2336 caeruleum
524 2283 658 2354 quateret
679 2295 747 2336 cum
769 2274 904 2354 luppiter
924 2274 1058 2346 imbrem,

194 2359 259 2438 ipse
282 2377 336 2437 ego
359 2359 513 2439 praecipiti
534 2360 679 2420 tumidum
702 2377 756 2438 per
777 2359 890 2437 Enipea
912 2357 1014 2418 nimbo

194 2444 226 2504 in
251 2463 371 2524 campos
394 2452 423 2504 et
444 2452 506 2504 tuta
528 2444 582 2504 tuli
605 2463 661 2506 nec
683 2445 803 2505 credere
826 2442 906 2523 quivi

195 2536 263 2590 ante
287 2529 380 2603 deam,
403 2547 492 2607 quam
514 2537 542 2590 te
564 2529 676 2590 tonitru
701 2537 837 2606 nutuque
858 2527 975 2607 reposci

195 2613 330 2692 coniugis
353 2621 381 2674 et
403 2614 501 2675 suhita
524 2623 637 2694 raptam
657 2612 815 2675 formidine
837 2613 905 2686 vidi,

195 2698 230 2758 da
253 2698 401 2778 Scythiam
422 2698 599 2778 Phasimque
620 2700 709 2773 mihi;
731 2707 834 2776 tuque,
857 2697 969 2758 inuuha
991 2696 1095 2771 Pallas,

197 2783 278 2862 eripe
300 2803 357 2843 me.
401 2783 506 2844 vestris
529 2792 645 2862 egomet
666 2792 730 2844 tum
752 2783 859 2843 vellera
880 2781 999 2861 templis

195 2868 243 2927 illa
265 2868 357 2941 dabo;
381 2868 460 2928 dabit
481 2869 589 2930 auratis
612 2876 641 2928 et
662 2867 804 2928 cornibus
827 2867 889 2944 igni

196 2952 270 3013 colla
293 2961 376 3031 pater
398 2953 534 3032 niveique
556 2971 660 3032 greges
682 2951 783 3012 altaria
805 2950 945 3030 cingent'

279 3039 429 3116 Accepere
449 3039 520 3100 deae
542 3037 690 3115 celerique
712 3055 767 3117 per
788 3036 905 3097 aethera
926 3035 1012 3114 lapsu

195 3122 322 3182 diversas
345 3122 456 3201 petiere
479 3123 547 3184 vias.
592 3124 623 3183 in
645 3121 762 3183 moenia
784 3121 889 3200 pernix
1125 3125 1128 3136 ’

195 3206 358 3287 Thespiaca
380 3207 416 3267 ad
438 3226 539 3269 carum
562 3207 695 3268 Tritonia
717 3207 830 3267 devolat
852 3208 973 3284 Argum.

193 3291 292 3352 moliri
313 3292 395 3352 hunc
417 3311 550 3373 puppem
572 3293 653 3353 iubet
674 3299 703 3352 et
726 3290 878 3352 demittere
900 3291 979 3350 ferro

193 3377 299 3437 robora
321 3376 451 3438 Peliacas
474 3387 503 3438 et
525 3378 581 3438 iam
604 3395 703 3438 comes
725 3376 783 3436 erit
804 3375 835 3435 in
858 3374 987 3435 umbras.
1198 3379 1229 3430 95

176 3629 217 3682 63.
236 3631 340 3679 externo
358 3643 385 3692 π,
404 3626 523 3678 hesterno
541 3626 591 3686 Bm
609 3627 794 3677 nurnarcanc?
813 3625 872 3687 (cfr.
891 3625 932 3689 lV,
951 3627 1001 3688 15).
1071 3625 1113 3676 66.
1131 3636 1185 3674 sec·

103 3699 201 3750 tantem
219 3712 254 3761 n,
281 3693 527 3758 sententiolae
552 3697 620 3757 212).
690 3695 731 3746 68.
739 3709 822 3746 curro
840 3707 931 3746 saevos
948 3709 977 3758 n,
995 3705 1068 3744 curru
1086 3693 1114 3740 ut
1131 3704 1186 3741 sae·

102 3781 152 3816 vos
172 3763 225 3829 Oa,
243 3779 342 3816 currum
359 3767 388 3813 nt
405 3777 497 3815 saevos
514 3761 583 3829 Bul,
601 3777 688 3816 currus
701 3765 726 3813 et
737 3777 802 3828 quos
821 3761 868 3812 llo.
904 3763 936 3814 69
954 3757 1186 3824 creditusn,credi-

102 3837 146 3884 tur
163 3829 221 3884 Hc.
282 3847 333 3898 quo
350 3847 378 3896 u,
396 3831 439 3898 qui
457 3829 501 3884 m.
584 3834 625 3884 tc.
643 3834 805 3896 mentemque
822 3846 851 3894 n,
868 3831 1016 3894 mentesque
1032 3825 1064 3879 L.
1197 3875 1201 3881 .

104 3903 147 3954 82.
165 3899 268 3952 aethera
287 3937 291 3950 .
313 3936 319 3949 .
338 3937 343 3952 .
364 3900 457 3954 ‚imbre
468 3899 521 3951 Cm.
557 3901 598 3951 90.
617 3897 774 3966 tingentVo.
811 3900 852 3950 et.
870 3895 951 3948 undas
965 3895 1104 3960 mambres
1122 3893 1184 3946 Sao.

942 3979 980 4032 με
