2792 4340
303 965 306 972 -
398 912 902 1011 comminiscor

313 1053 994 1178 ARGONAVTIOON

434 1249 590 1316 LIBER
613 1249 863 1330 QVARTVS.

546 1421 749 1432 ——u-—n—-—

167 1519 283 1652 Atque
306 1591 340 1634 ea
361 1589 422 1634 nun
445 1573 539 1634 oculis
562 1574 661 1634 divum
683 1582 766 1655 pater
788 1574 914 1654 amplius
936 1575 1037 1654 aequis

166 1658 317 1731 sustinuit,
341 1658 462 1736 natique
484 1657 549 1736 pios
572 1658 727 1719 miseratus
749 1677 864 1720 amores

166 1741 312 1803 lunonem
334 1742 447 1804 ardenti
471 1743 615 1821 trepidam
639 1744 733 1822 gravis
756 1743 890 1822 increpat
911 1744 969 1804 ira:

162 1821 210 1887 ‘ut
231 1846 306 1888 nova
328 1846 409 1889 nunc
431 1827 519 1888 tacito
542 1840 569 1889 te
590 1835 710 1906 pectore
734 1827 838 1906 gaudia
860 1826 984 1888 tolluntl

166 1912 267 1973 haeret
288 1912 376 1992 inops
399 1912 530 1990 solisque
552 1913 624 1973 furit
645 1911 818 1992 Tirynthius
841 1912 912 1972 oris.

165 2004 195 2057 at
216 1997 323 2058 comite
346 1997 533 2058 immemores
554 1997 669 2076 Minyae
691 1997 853 2076 facilesque
874 1997 977 2058 relicto

166 2082 222 2142 alta
242 2089 355 2143 tenent.
401 2083 443 2143 sic
465 2081 540 2143 luno
563 2083 669 2144 ducem
691 2083 769 2143 fovet
791 2081 876 2144 anxia
899 2082 979 2142 curis

166 2167 343 2241 Aesonium,
367 2167 409 2228 sic
431 2185 512 2228 arma
532 2167 595 2227 viro
617 2167 774 2245 sociosque
796 2166 951 2228 ministrat.

165 2252 223 2312 iarn
245 2252 353 2330 quibus
375 2253 518 2313 incertam
539 2251 625 2312 bellis
647 2251 859 2331 Scythicaeque
882 2257 1036 2329 paventem
1061 2287 1064 2292 ι

165 2337 262 2416 gentis
285 2354 366 2416 opes,
389 2345 498 2416 quanta
520 2336 665 2415 trepidam
686 2336 844 2396 tormidine
867 2335 1004 2397 cernaml
1181 2333 1210 2397 lo

164 2431 228 2483 tum
251 2421 405 2501 precibus,
428 2429 491 2483 tum
513 2439 561 2482 me
582 2421 710 2481 lacrimis
733 2427 762 2480 et
783 2419 919 2498 supplice
941 2420 1041 2480 dextra
1296 2429 1298 2436 ⁴

164 2507 345 2586 adtemptare
366 2514 448 2580 veto;
473 2524 573 2567 rerum
595 2505 666 2566 mihi
688 2506 772 2566 firma
793 2511 932 2584 potestas.

164 2592 183 2666 i,
207 2591 311 2652 Furias
332 2590 537 2669 Veneremque
558 2609 659 2665 mcve;
683 2589 761 2651 dabit
783 2589 873 2669 impia
895 2607 1006 2668 poenas

162 2676 246 2754 virgo
268 2695 324 2737 nec
346 2678 451 2737 Aeetae
474 2675 600 2754 gemitus
622 2676 768 2755 patiemur
790 2669 919 2735 inultos?

115 2817 117 2820 .
163 2761 236 2822 dixit
258 2770 287 2822 et
307 2778 415 2822 arcano
436 2761 619 2822 redolentem
641 2767 759 2821 nectare
780 2776 888 2832 rorem,
1177 2769 1208 2818 15

163 2864 253 2924 quem
275 2864 368 2928 penes
390 2846 447 2906 alta
468 2845 552 2924 quies
573 2845 737 2923 liquidique
760 2843 891 2922 potentia
912 2841 1018 2914 somni,

164 2929 269 2992 detulit
290 2930 382 3010 inque
403 2931 467 3010 vagi
489 2930 587 2990 libavit
609 2935 743 3008 tempora
764 2928 833 2989 nati.

164 3015 214 3076 ille
236 3033 338 3094 graves
361 3016 463 3077 oculos
486 3023 515 3076 et
537 3015 630 3094 Hylan
654 3013 822 3075 resonantia
844 3028 962 3090 semper
1053 3043 1057 3048 ·

163 3119 216 3161 ora
236 3100 352 3175 ferens,
375 3107 409 3160 ut
430 3099 512 3162 nulla
533 3100 621 3160 deum
643 3117 784 3179 superare
806 3103 945 3177 potestaS,

164 3184 343 3265 procumbit.
388 3185 508 3246 tandem
530 3184 616 3245 fessis
638 3203 694 3264 pax
716 3183 828 3245 reddita
851 3181 940 3254 silvis,

161 3270 345 3348 fluminaque
368 3277 397 3331 et
417 3269 516 3331 vacuis
538 3269 652 3330 auditae
673 3267 824 3330 montibus
846 3284 944 3327 aurae,

205 3355 283 3416 Ecce
305 3371 381 3433 puer
402 3372 517 3415 summa
539 3373 570 3416 sc
591 3353 695 3415 tollere
716 3353 796 3413 visus
817 3351 852 3412 ab
875 3350 954 3410 unda

161 3438 318 3501 frondibus
340 3439 371 3499 in
394 3439 507 3516 crocqis
529 3446 557 3500 ct
579 3438 698 3517 iniquae
719 3455 843 3499 munere
864 3435 1025 3514 Nymphae,

161 3532 303 3604 suusque
326 3542 417 3604 super
438 3542 539 3585 carum
561 3523 627 3584 talis
652 3531 740 3603 caput
762 3522 849 3583 edere
870 3537 971 3581 voces:

158 3604 254 3689 ‘quid
278 3615 371 3688 pater,
395 3609 425 3671 in
448 3627 540 3670 vanos
561 3609 692 3670 absumis
714 3615 847 3687 tempora
869 3601 1014 3684 questus?
1176 3613 1206 3663 25

145 3779 169 3828 4.
187 3777 235 3828 sub
254 3777 292 3840 P,
309 3791 337 3827 se
354 3791 381 3826 m
399 3779 492 3844 (cupra
510 3778 601 3841 aare),
627 3779 654 3826 te
673 3773 737 3839 Oce,
761 3789 812 3828 om.
832 3771 888 3826 VM
895 3794 901 3835 ;
925 3786 990 3822 num
1013 3772 1061 3824 sub
1086 3787 1110 3838 p.
1129 3786 1153 3838 g:

79 3843 165 3896 tollis?
252 3848 277 3896 7.
296 3859 360 3896 nuru
379 3845 451 3898 loves
470 3883 579 3898 .....
597 3843 744 3896 ministras?

128 3929 175 3972 Vel.
189 3929 260 3971 macc.
985 3927 1000 3976 5
1089 3899 1091 3905 y
