2792 4340
617 211 643 262 (l
662 206 778 261 VAlAERl
797 207 908 262 sulcet

288 393 320 444 tu
343 384 481 446 comitem
502 383 624 445 dl'oiden
646 384 683 444 ad
704 382 837 444 Phasidis
859 380 986 460 amplius
1009 398 1076 440 arva

287 469 404 544 adlore,
426 478 458 530 tu
481 469 575 530 socias
597 469 674 529 ultra
695 468 748 530 tibi
769 487 835 529 rere
857 462 1031 546 pharetras?

203 555 206 560 '
289 572 350 614 non
373 573 406 614 ea
427 555 475 615 lax
497 554 572 614 odiis
593 553 718 616 oblitave
740 554 864 615 numine
884 553 962 613 lesso

288 639 363 698 luno
386 638 443 699 sui.
487 658 561 700 nova
584 639 722 700 Tartareo
743 640 806 700 lois
828 638 941 701 6666666
962 641 1095 697 monstra
1291 645 1334 695 666

288 730 377 802 atque
399 724 506 785 iterum
527 724 655 786 inachiis
676 725 734 786 iam
756 724 880 786 nuntius
901 729 1010 802 urguet
1030 720 1066 780 ab
1089 717 1186 795 Argis.
1373 721 1374 734 *

289 826 349 869 non
372 809 458 870 datur
479 809 552 870 haec
572 809 672 890 magni
694 812 794 889 proles
815 809 907 883 lovis;
930 817 961 869 at
982 805 1035 867 tibi
1056 803 1162 864 Pollux

287 893 380 974 stirpe
401 911 487 973 pares
510 895 671 974 Castorque
692 903 827 970 manent,
851 903 880 956 at
902 901 997 955 cetera
1019 891 1118 951 diuum

287 979 455 1058 progenies,
478 997 534 1042 neo
556 999 644 1059 parva
664 981 737 1042 mihi
759 980 864 1042 fiducia
886 978 992 1058 gentis.

288 1081 326 1124 en
349 1072 464 1144 egomet
486 1083 681 1145 quocumque
695 1085 782 1128 vocas
805 1083 921 1144 sequar,
944 1063 1061 1143 agmina
1082 1063 1162 1124 lerro
1288 1075 1330 1126 666

288 1148 382 1227 prima
403 1159 525 1226 metam,
547 1151 602 1212 titt
623 1151 699 1213 dicta
719 1169 835 1225 manus,
857 1149 910 1210 tibi
932 1147 1077 1228 quidquid
1098 1148 1129 1208 in
1152 1149 1218 1228 ipso

287 1233 432 1314 sanguine
454 1235 518 1310 erit,
542 1236 658 1316 iamque
679 1236 751 1298 hinc
771 1253 896 1315 operum
918 1252 994 1312 quae
1015 1233 1139 1295 maxima
1161 1253 1266 1315 posco.

287 1318 451 1380 scilicet'in
474 1321 545 1382 solis
567 1322 687 1400 profugi
709 1321 788 1383 stetit
809 1319 946 1382 Herculis
967 1319 1056 1380 amnis

288 1411 387 1464 nostra
409 1404 499 1465 salus.
544 1424 652 1484 nempe
674 1425 726 1466 ora
748 1425 841 1485 aeque
862 1405 995 1466 mortalia
1017 1403 1117 1465 cuncti

287 1505 356 1549 6666
379 1497 501 1567 gerunt3
524 1489 610 1550 ibunt
631 1508 726 1569 aequo
748 1510 856 1571 nempe
878 1490 981 1551 ordine
1003 1488 1086 1550 remi.
1284 1501 1326 1552 666

287 1573 337 1633 ille
359 1572 403 1633 vel
426 1572 531 1635 insano
552 1573 714 1636 iandudtun
736 1576 872 1636 turbidus
894 1584 986 1650 aestu,

286 1658 331 1718 vel
353 1666 436 1736 parta
458 1657 515 1719 iam
536 1659 622 1720 laude
644 1661 762 1722 tumens
784 1660 933 1722 consortia
953 1660 1046 1720 lamae

286 1742 410 1822 despicit
430 1762 464 1804 ac
487 1743 596 1806 nostris
617 1745 689 1807 ferri
711 1765 810 1807 comes
831 1745 936 1807 abnuit
956 1745 1038 1806 actis.

285 1847 346 1901 vos,
369 1828 479 1908 quibus
501 1837 530 1890 66
550 1829 643 1891 virtus
665 1839 694 1892 et
715 1849 783 1911 spes
805 1830 836 1892 iu
858 1829 961 1891 limine
981 1829 1088 1909 primo,
1374 1873 1375 1924 q

285 1912 405 1987 tendite,
428 1915 498 1974 dum
520 1933 620 1976 rerum
642 1916 757 1995 patiens
780 1917 860 1977 calor
881 1924 910 1976 et
930 1915 1004 1977 rude
1025 1911 1165 1976 membris
1278 1925 1322 1977 666
1374 1961 1375 1986 q

286 1997 378 2058 robur
400 1998 492 2072 inest;
515 2018 571 2060 nec
593 1999 672 2060 enim
694 2001 766 2062 solis
788 2002 856 2062 dare
878 2001 983 2062 lunera
1006 1998 1123 2061 Colchis

286 2081 325 2142 sit
347 2082 416 2142 satis
439 2090 468 2142 66
489 2090 549 2143 tota
571 2084 693 2162 pelagus
716 2085 857 2146 lustrasse
880 2085 1006 2146 iuventa.

286 2185 354 2246 spes
377 2166 449 2228 mihi
470 2185 547 2246 quae
567 2169 617 2228 tali
639 2169 736 2248 potuit
757 2170 928 2250 longissima
950 2189 1021 2232 casu

286 2270 350 2313 esse
370 2251 444 2327 ¹luit3
467 2253 664 2333 quiscumque
685 2254 782 2316 virum
804 2256 979 2334 perquirere
1000 2253 1081 2315 silvis

285 2337 344 2417 egit
364 2355 463 2411 amor3
486 2339 550 2400 loca
572 2339 737 2402 vociferans
759 2359 820 2402 non
843 2340 902 2401 ulla
924 2340 1041 2419 reliqui.
1280 2349 1321 2402 665

286 2441 367 2484 6666
390 2441 526 2501 666666,
550 2424 625 2486 dum¹
642 2425 721 2486 vario
745 2433 828 2486 nutat
849 2425 994 2487 sententia
1015 2431 1108 2498 motu,

285 2524 407 2567 cernere
429 2507 545 2570 devexis
566 2509 739 2570 redeuntem
760 2510 911 2572 montibus
933 2518 1014 2589 opto.

285 2599 329 2650 sat
350 2590 479 2651 lacrimis
500 2593 661 2671 comitique
682 2593 790 2669 datum,
813 2613 903 2674 quem
924 2594 1054 2656 sortibus
1076 2593 1137 2655 aevi

285 2674 371 2735 crede
393 2674 438 2736 vel
460 2675 491 2736 iu
514 2677 626 2738 mediae
647 2687 765 2757 raptum
787 2680 839 2740 tibi
862 2681 1007 2759 sanguine
1028 2673 1164 2759 pugnae.³

326 2759 445 2822 Talibus
469 2761 597 2824 Oenides
618 2774 741 2843 urguet:
763 2764 853 2825 simul
874 2765 964 2827 incita
985 2764 1071 2826 dictis
1279 2775 1321 2826 666

283 2845 407 2907 heroum
428 2865 543 2916 manus.
587 2857 656 2910 ante
677 2868 780 2911 omnes
802 2853 897 2930 Argoa
919 2849 1038 2911 iubebat

284 2931 378 2993 vincla
400 2933 464 3011 rapi
487 2933 589 2994 Calais.
632 2935 725 2996 turias
746 2935 871 2996 miratur
892 2943 1030 2996 ovantum

283 3016 432 3091 Aeacides,
454 3017 627 3096 multusque
646 3019 701 3080 viri
723 3020 890 3082 cunctantia
911 3021 1000 3081 corda

282 3100 340 3161 lert
362 3101 456 3176 dolor,
479 3121 516 3162 an
540 3121 604 3164 sese
627 3103 764 3165 comitem
786 3113 845 3166 tam
866 3105 1000 3166 tristibus
1022 3103 1094 3165 actis

283 3184 408 3266 abneget
430 3194 459 3247 et
481 3187 552 3248 celsi
573 3205 709 3264 maerens
731 3197 810 3268 petat
831 3191 921 3251 ardua
942 3188 1061 3251 montis.
1276 3197 1319 3250 696
1375 3259 1376 3270 q

284 3287 345 3330 666
367 3278 464 3332 tamen
488 3281 517 3334 et
538 3272 665 3352 gemitus
687 3282 716 3334 et
736 3275 840 3336 inanes
863 3274 971 3336 desinit
992 3275 1050 3336 iras
1375 3275 1376 3354 l

283 3353 418 3416 fundere.
459 3351 540 3436 ‘quis
561 3358 648 3420 tomis
670 3377 726 3438 pro
748 3355 889 3440 luppiter‘
913 3359 1010 3438 inquit
1027 3354 1165 3420 ‘Achaeis
1375 3399 1376 3442 6

1375 3557 1376 3592 l

1375 3637 1376 3672 l

267 3541 326 3595 tto.
343 3545 369 3593 et
386 3555 435 3608 ego
453 3547 479 3594 et
496 3541 535 3607 V,
553 3549 579 3595 66
596 3549 699 3611 egomet
715 3543 756 3606 M,
775 3549 815 3595 ast
833 3559 882 3610 ego
899 3548 925 3595 et
947 3543 976 3595 P.
993 3571 1028 3582 -
1046 3556 1207 3609 quocumque
1224 3555 1268 3593 vo·

196 3623 239 3662 ces
263 3624 313 3677 qua
336 3609 445 3675 tegmina
473 3610 539 3664 66666
564 3612 637 3677 plura
663 3616 758 3664 metam
783 3628 812 3676 π,
830 3627 862 3664 66
880 3615 983 3679 egomet
1008 3626 1168 3678 quacumque
1192 3623 1294 3662 666666.

196 3693 299 3744 666666
315 3677 415 3745 agmina
433 3677 499 3730 terro
516 3678 588 3745 plura
606 3684 687 3732 metas
704 3677 770 3741 Ha,
788 3684 828 3731 ast
845 3687 947 3746 egomet
965 3693 1118 3746 666666666
1134 3691 1213 3730 vocas
1230 3692 1269 3729 se-

196 3759 272 3810 quar;
296 3746 396 3813 agmina
427 3746 492 3798 66666
519 3747 591 3812 plura
617 3752 709 3800 6666666
727 3747 824 3799 Jacobs
847 3751 886 3812 (in
910 3747 1043 3799 Matidiae
1066 3750 1140 3798 66666.
1157 3745 1225 3812 pluit.
1241 3761 1269 3811 p.

195 3815 227 3864 ’65
247 3813 317 3931 66966
337 3829 369 3866 66
393 3819 495 3882 egomet
519 3830 671 3882 quocunque
694 3830 772 3868 vocas
790 3829 895 3883 sequar;
918 3816 1020 3882 agmina
1038 3814 1104 3869 lsrro
1121 3813 1201 3880 prima
1219 3827 1271 3864 me

197 3885 246 3932 6666
285 3895 325 3932 c.
