2792 4340
449 187 706 244 Anooudvrrcou
723 192 819 246 LlBER
835 194 875 246 lV.

161 363 308 428 muneris
331 361 380 423 illa
401 369 507 442 potens
530 363 681 424 custodem
703 365 841 444 protinus
863 368 975 446 Argum

160 448 323 528 adiungit;
347 453 447 508 custos
469 446 567 526 Argus
588 448 693 528 placet,
716 449 809 512 inscia
832 453 929 514 somni

161 534 287 596 lumina
309 551 370 593 non
393 531 478 592 aliter
499 539 560 592 toto
583 533 632 594 cui
653 534 770 609 vertice,
794 555 881 614 quam
904 537 929 597 si

161 618 253 699 Lyda
276 635 371 679 nurus
393 635 497 698 sparso
519 617 591 679 telas
613 618 801 682 maculaverit
822 629 912 682 ostro.

165 705 271 784 Argus
294 710 324 764 ct
344 701 376 763 in
398 701 539 782 scoprdos
561 710 591 765 et
611 704 752 765 monstris
774 705 893 766 horrida
915 707 1006 769 lustra

166 791 291 868 ignotas
313 785 396 848 iubet
418 786 461 848 ire
483 786 543 848 vias
565 787 623 848 heu
645 788 737 850 multa
758 799 922 852 morantem

166 879 391 950 conantemque
413 890 517 950 preces
540 871 713 952 inclusaque
736 883 857 952 pectore
880 875 975 938 verba.

166 957 276 1020 ultima
298 964 361 1018 tum
383 956 494 1034 patriae
517 957 624 1019 cedens
647 957 726 1019 dedit
747 960 847 1021 oscula
868 961 959 1041 ripae.

169 1043 254 1105 flevit
275 1042 448 1120 Amymone,
471 1042 582 1103 flerunt
602 1042 760 1105 Messeides
783 1045 889 1120 undae,

167 1127 252 1189 flovit
274 1133 303 1188 et
324 1125 425 1187 ellusis
447 1145 588 1188 revocans
610 1127 737 1207 Hyperia
760 1128 885 1190 lacertis.

167 1212 222 1274 illa
244 1210 294 1273 uhi
317 1210 362 1272 vel
384 1210 455 1272 lessi
476 1218 637 1272 tremerent
659 1211 811 1274 erroribus
832 1223 924 1288 artus,

166 1297 217 1358 vel
239 1304 341 1358 rueret
362 1313 478 1356 summo
500 1296 558 1358 iam
578 1296 703 1375 frigidus
725 1298 843 1359 aethere
865 1317 980 1379 vesper,
1071 1365 1075 1380 ⁸

168 1382 231 1444 heu
253 1381 392 1460 quotiens
414 1398 484 1442 sano
506 1381 607 1461 posuit
627 1381 718 1443 latusl
742 1391 793 1444 aut
813 1382 864 1444 ubi
887 1382 975 1463 longa

167 1485 259 1546 aegra
281 1465 339 1540 siti,
362 1483 438 1544 quos
460 1484 511 1526 ore
533 1465 624 1541 lacus,
647 1485 722 1546 quae
744 1467 852 1546 pabula
874 1469 999 1549 carpsitl

143 1550 293 1614 avertere
316 1549 476 1612 candentes
498 1550 638 1629 quotiens
662 1551 815 1613 exhorruit
836 1554 949 1615 armosl

169 1636 245 1716 quin
268 1643 298 1696 et
319 1634 355 1695 ab
376 1634 492 1696 excelso
514 1635 703 1696 meditantem
724 1638 833 1700 vertice
855 1637 946 1700 saltus

171 1721 389 1798 audentemque
411 1720 487 1780 mori
508 1720 597 1781 valles
619 1720 694 1782 citus
717 1722 777 1800 egit
797 1721 829 1782 in
852 1722 925 1782 imas

171 1807 269 1885 Argus
292 1813 321 1866 et
341 1804 462 1865 arbitrio
485 1805 578 1866 durus
600 1805 724 1866 servavit
745 1805 826 1866 erili:

170 1909 241 1952 cum
262 1889 360 1951 subito
383 1889 507 1950 Arcadio
528 1890 629 1950 sonuit
651 1908 718 1951 cava
739 1890 836 1950 fistula
858 1891 917 1951 ritu

170 1974 388 2056 imperiumque
409 1974 502 2052 patris
525 1975 657 2037 celerans
681 1974 830 2055 Cyllenius
852 1975 912 2036 ales

170 2060 287 2122 advenit
309 2067 338 2120 et
359 2058 419 2120 leni
441 2058 609 2121 modulatur
631 2079 750 2122 carmen
772 2078 872 2135 avena,

166 2139 309 2225 ‘qnoque'
333 2143 373 2204 ait
391 2138 475 2205 ‘hinc
497 2144 629 2206 diversus
652 2143 736 2206 abis?
758 2144 833 2207 heus
855 2145 970 2224 respice
981 2190 1058 2206 .....

169 2230 250 2291 haud
271 2228 377 2308 procul
399 2227 547 2290 insectans
571 2231 683 2308 Argum
705 2230 875 2308 languentia
897 2241 983 2292 cantu

169 2313 282 2376 lumina
304 2321 411 2375 cuncta
432 2320 514 2374 notat
535 2313 697 2392 dulcesque
719 2314 873 2392 sequentia
894 2333 1025 2388 somnos,

169 2408 199 2461 et
221 2399 348 2460 celerem
370 2398 475 2460 mediis
497 2398 528 2459 in
551 2398 686 2460 cantibus
708 2398 797 2476 exigit
818 2399 941 2478 harpen.

169 2484 287 2563 iamque
309 2483 418 2544 relecta
439 2483 500 2544 Iovi
521 2483 661 2562 paulatim
683 2483 713 2544 in
736 2483 863 2562 imagine
885 2484 982 2566 prisca

169 2567 230 2630 ibat
251 2568 329 2646 agris
351 2568 383 2629 lo
405 2568 508 2629 victrix
528 2568 662 2642 lunonis,
686 2575 715 2629 et
737 2586 805 2630 ecoe

141 2696 145 2703 -
168 2671 238 2715 cum
259 2651 373 2714 lacibus
395 2653 543 2733 spirisque
566 2660 595 2713 et
617 2653 756 2714 Tartareo
777 2653 893 2715 ululatu

168 2737 355 2817 Tisiphonen
377 2738 468 2799 videt:
492 2756 526 2799 ac
547 2738 645 2816 primo
667 2737 787 2816 vestigia
810 2737 873 2798 visu

167 2822 232 2902 figit
253 2830 282 2883 et
302 2822 334 2883 in
355 2822 479 2884 miserae
501 2841 606 2884 rursus
628 2822 710 2883 bovis
732 2841 783 2882 ora
805 2821 942 2894 recurrit,

169 2925 226 2968 nec
249 2925 307 2986 qua
329 2907 402 2968 valle
423 2926 545 2982 memor,
569 2926 625 2968 nec
647 2925 707 2986 quo
729 2925 762 2968 se
783 2905 891 2967 vertice
914 2905 1005 2966 sistat.

167 2991 302 3053 Inachias
325 3009 426 3053 errore
448 2992 535 3053 etiam
558 2992 689 3054 defertur
711 2991 746 3053 ad
769 2991 862 3052 undas

167 3076 273 3156 qualis
286 3084 315 3138 et
336 3094 353 3137 a
374 3075 470 3155 prima
490 3086 634 3155 quantum
656 3083 765 3152 mutata
787 3075 929 3138 iuvencal

169 3180 225 3222 nec
246 3170 330 3241 pater
351 3169 402 3221 aut
422 3161 554 3240 trepidae
575 3169 720 3241 temptant
741 3161 879 3222 accedere
902 3159 1057 3239 nymphae.

170 3264 242 3325 ergo
265 3245 373 3306 iterum
396 3245 491 3320 silvas,
515 3247 623 3308 iterum
644 3247 718 3326 petit
739 3246 816 3306 invia
838 3253 917 3306 retro
1165 3255 1211 3304 rto

170 3349 224 3392 ceu
247 3331 336 3410 Styga
358 3329 497 3392 dilectum
519 3331 636 3410 lugiens
658 3339 762 3411 caput;
785 3329 854 3391 inde
877 3347 932 3408 per
954 3329 1043 3391 urhes

168 3422 302 3494 raptatur
324 3414 426 3476 Graias
449 3416 544 3493 adque
566 3417 656 3477 ardua
677 3416 799 3478 ilumina
820 3414 904 3492 ripis,

169 3498 265 3561 oblato
288 3499 383 3562 donec
405 3499 528 3580 paulum
549 3509 684 3562 cunctata
706 3499 854 3580 profundo

149 3718 208 3769 369.
226 3731 287 3769 auro
304 3716 449 3770 Francius.
535 3720 593 3770 387.
612 3717 662 3768 heu
679 3733 713 3781 rr,
738 3717 800 3768 heus
818 3716 883 3768 Bur.
903 3745 936 3756 -·
954 3716 1052 3782 respice
1071 3718 1159 3768 cantus

72 3803 107 3850 π,
125 3784 226 3850 respice
244 3786 343 3837 lacuna
360 3785 516 3852 significata
538 3785 598 3846 Th.;
616 3801 681 3837 num
698 3784 796 3851 respice
814 3787 922 3852 pastor?
1008 3786 1066 3837 388.
1086 3789 1161 3836 cantu

74 3854 109 3916 B,
130 3867 222 3904 somno
242 3851 268 3916 0,
289 3868 339 3905 cm.
358 3869 387 3908 c.
