2764 4340
428 225 684 280 ARGONAVTICON
701 227 794 280 monn
813 227 841 278 ll.

146 400 251 480 stirpis
273 401 380 476 honos,
403 417 580 480 quamquain
602 401 700 480 longis
721 398 921 479 disiungimur
940 399 1010 462 oris.

148 493 225 566 quot
246 485 318 546 mihi
341 493 409 565 post
430 485 574 561 lacrimas,
597 493 665 582 post
686 492 796 565 quanta
817 485 932 564 piaoala
952 493 1070 566 patrum

147 590 236 634 serus
258 571 342 632 adesi
365 589 454 650 quant
475 589 562 650 parva
584 571 642 632 tuis
664 571 722 632 iarn
744 571 836 649 gloria
857 571 960 632 laetis!

147 676 254 718 verum
276 675 329 735 age
351 675 433 716 nuno
455 656 552 717 sooios
573 656 712 729 fraternis
732 655 889 718 moenibus
911 656 1003 732 infer3
1147 667 1191 718 565

149 741 280 804 crastina
301 741 352 801 lux
373 740 488 820 biiuges
509 741 632 802 stabulis
655 741 790 802 ostendet
810 733 937 820 apertis.³

150 829 264 889 dixerat
285 827 373 901 haee3
395 827 562 906 tacitusque
584 827 668 888 dolos
688 825 848 904 dirumque
870 826 980 888 volutat

152 913 240 974 corde
261 912 354 986 nefas,
376 911 509 974 olausum
530 919 564 973 ut
585 912 718 972 thalamis
740 929 904 991 somnoque
927 918 1076 991 gravatum

150 997 283 1059 immolet
304 1004 463 1076 ereptaque
482 997 545 1058 luat
565 1015 708 1077 responsa
730 997 882 1076 pharetra:

150 1101 280 1162 nanque
301 1082 347 1143 bis
369 1082 524 1143 floruulois
545 1082 645 1144 deberi
667 1083 808 1170 Pergama
829 1081 895 1143 telis
1040 1117 1044 1125 ·
1103 1110 1106 1140 t
1149 1092 1194 1144 576

151 1168 292 1230 auderat
314 1167 423 1228 Priami
445 1168 497 1228 sad
518 1168 586 1246 quis
607 1167 664 1228 iana
685 1155 800 1228 vertere}
820 1167 920 1245 regnis

150 1254 210 1314 lata
232 1251 342 1332 queat?
363 1260 462 1314 manet
483 1253 611 1313 immotis
633 1271 692 1313 non
713 1251 819 1312 Dorica
840 1251 942 1312 lustris

152 1346 182 1400 et
204 1357 299 1444 genus
321 1339 497 1400 Aeneadum
513 1345 543 1399 et
563 1337 669 1400 Troiae
690 1337 821 1398 melioris
842 1337 1022 1398 honores..

148 1417 228 1485 ‘nos’
252 1423 292 1484 ait
310 1418 360 1484 ‘ad
382 1418 519 1503 Soythioi'
544 1423 716 1503 Tirynthius
735 1415 822 1492 ‘ostia
843 1421 928 1502 ponti

151 1514 250 1588 raptat
271 1507 343 1582 iter;
365 1527 434 1569 mon
455 1509 514 1569 huo
535 1516 646 1570 vestras
668 1509 845 1570 revehemur
863 1507 900 1568 ad
921 1525 988 1568 onas
1055 1545 1058 1552 ·
1150 1517 1195 1568 5ι5

154 1595 292 1672 donaque
315 1593 391 1654 diota
412 1588 525 1654 leram?
571 1601 634 1654 turn
655 1612 726 1654 roro
746 1593 833 1672 plura
854 1593 964 1653 voeatis

153 1677 259 1740 adnuit
278 1678 328 1739 ille
351 1678 422 1740 deis
445 1679 591 1758 promissa
612 1678 701 1740 infida
722 1677 840 1757 tyranni

153 1764 213 1826 iam
234 1763 367 1843 Phryges
390 1771 420 1825 et
440 1763 566 1824 miserae
584 1763 695 1823 debant
717 1762 887 1823 discrimina
909 1760 1022 1821 Troiae.
1079 1792 1081 1800 ›

197 1848 341 1910 Panditur
362 1849 433 1909 hino
454 1847 523 1908 totis
545 1848 576 1908 ιιι
599 1854 717 1908 nantem
739 1847 878 1908 carbasus
900 1844 963 1919 alis,

155 1934 303 2012 litoraque
325 1940 355 1994 ot
374 1932 481 1994 veteris
502 1932 633 1994 tumulos
655 1930 835 2012 praolabitur
856 1930 890 1991 lli
1152 1941 1198 1992 569

154 2018 396 2097 Dardaniumque
417 2025 547 2098 patrem;
570 2017 650 2096 vigili
672 2017 761 2078 simul
783 2015 882 2077 omnia
902 2015 974 2076 ludo

155 2106 231 2166 festa
251 2104 367 2178 rident3
390 2104 463 2165 hino
482 2104 562 2164 unda
584 2103 677 2164 saeris
698 2103 769 2164 hino
791 2101 910 2181 ignibus
932 2100 983 2160 lde

155 2190 250 2250 vibrat
273 2196 302 2250 et
321 2189 495 2250 horrisonae
516 2188 701 2267 respondent
721 2189 848 2265 Gargara
868 2186 958 2246 buxo.

155 2275 226 2336 inde
247 2273 299 2335 uhi
321 2273 377 2334 iam
398 2273 488 2336 madii
509 2281 636 2334 tenuere·
654 2273 770 2334 silentia
791 2271 877 2350 ponti

156 2359 375 2438 stridentesque
396 2359 497 2420 iurant
517 2375 615 2432 aurae,
637 2357 762 2420 Phrixea
784 2355 923 2416 subibant
1154 2363 1198 2415 585
1236 2370 1239 2375 ·
1338 2355 1341 2362 “

157 2462 286 2525 aequora
305 2451 334 2505 et
354 2450 496 2524 angustas
515 2443 665 2522 qnondam
687 2443 752 2503 sine
774 2441 895 2501 nomine
916 2439 1026 2500 lauoes.
1102 2486 1105 2498 .

159 2549 227 2592 esee
250 2537 348 2591 autem
370 2530 466 2609 prima
487 2530 636 2590 voluntem
658 2527 714 2590 sub
737 2527 804 2588 luee
824 2525 982 2586 dehiscens

158 2615 264 2678 terruit
285 2615 365 2676 unda
387 2621 493 2688 ratem,
516 2615 675 2693 vittataque
695 2611 829 2674 constitit
848 2610 942 2684 Helle,
1030 2647 1034 2654 ·

158 2701 216 2762 iam
238 2700 375 2778 Panopes
397 2661 588 2778 Thetidisque
609 2715 705 2773 soror,
727 2699 845 2776 iamque
866 2715 955 2757 aurea
976 2695 1056 2755 laeva

159 2793 276 2930 soeptqa
290 2792 406 2846 tenens.
429 2791 493 2845 tum
508 2783 614 2844 sternit
635 2802 726 2862 aquas
747 2798 946 2861 procerasque
969 2780 1133 2857 ducemque
1154 2789 1199 2840 590

160 2871 265 2951 aspicit
287 2877 316 2931 et
337 2869 460 2949 placidis
482 2869 630 2948 conpellat
651 2869 756 2928 lasona
777 2865 871 2926 dictis.

157 2949 199 3018 ‘te
170 2964 342 3035 tequoque
363 2954 400 3016 ab
421 2954 592 3016 Haemoniis
613 2953 713 3032 ignota
734 2970 788 3032 per
810 2968 939 3046 aequora
960 2947 1047 3009 terris

160 3059 251 3120 regna
274 3041 380 3102 inlosta
402 3039 507 3101 domus
528 3039 655 3118 latisque
677 3037 823 3100 simillima
846 3033 955 3099 nosuis
1070 3087 1072 3094 .

160 3127 217 3188 lata
238 3127 355 3200 lerunt;
378 3125 486 3186 iterum
508 3124 627 3185 Aeolios
647 3125 778 3186 Fortuna
799 3128 920 3218 penates
1028 3127 1031 3132 '

161 3211 274 3291 spargit
296 3218 325 3271 et
345 3171 448 3272 infelix
471 3209 640 3289 Scythicum
663 3227 736 3288 gens
758 3205 900 3286 quaeritas
922 3222 1048 3266 amnem.
1155 3212 1200 3264 595

160 3304 240 3358 vasta
263 3313 354 3374 super
375 3295 472 3370 tellus,
495 3296 619 3374 longum
640 3297 690 3371 (ne
712 3295 803 3354 detioe
825 3290 947 3369 coeptis)

161 3399 290 3462 aequor,
314 3388 343 3442 et
364 3381 428 3460 ipse
450 3380 571 3461 procul,
594 3397 697 3442 verum
718 3378 798 3439 dabit
819 3375 894 3437 ostia
915 3374 1028 3436 Phasis.

161 3467 210 3529 hio
233 3485 338 3528 nemus
360 3485 501 3527 aroanurn
523 3465 716 3544 geminaeque
737 3460 900 3582 virentibus
922 3477 989 3522 arae

147 3723 205 3775 566
223 3719 343 3772 ostendat
361 3737 388 3784 π,
407 3717 525 3771 ostendet
543 3717 603 3770 Set
691 3719 748 3768 571.
767 3719 881 3767 avertere
900 3715 944 3764 Ηι
963 3718 989 3763 et
1008 3711 1052 3763 Gr.
1071 3711 1097 3777 (l,
1116 3712 1150 3776 2)

148 3791 205 3841 art.
224 3786 305 3841 turioa
324 3788 378 3850 Vr,
397 3787 483 3839 dorica
501 3785 535 3850 Μ,
554 3785 639 3837 dorica
656 3782 719 3837 mB.
795 3786 852 3835 581
870 3781 1072 3847 Dardaniumque
1089 3780 1150 3832 ratis

86 3854 123 3906 Pe
141 3857 208 3922 (Vll,
226 3859 266 3922 8);
285 3871 349 3907 noan
366 3855 535 3920 Dardaniique
553 3853 650 3920 patris?
702 3855 759 3906 599.
778 3851 837 3903 dum
855 3867 887 3915 n,
906 3854 960 3901 tum
980 3848 1037 3902 Gan.
1091 3851 1150 3901 594.

85 3929 185 3991 nepotes
202 3941 222 3976 π
224 3927 354 3993 ,penates
373 3924 469 3988 Otefr.
486 3922 505 3987 l,
523 3924 592 3987 721).
