2792 4340
423 210 677 266 Anuodtvvtcon
695 213 789 266 LlBllll
806 213 841 266 lll.

146 405 252 448 verum
274 387 350 467 agite
373 395 410 462 et,
434 387 531 448 dubiis
553 388 665 450 variant
687 390 755 468 quia
777 399 898 468 pectora
920 392 1009 466 curis,

108 533 112 538 .
147 472 297 534 consulite
319 480 357 548 et,
379 473 467 534 molis
489 492 543 534 seu
565 492 616 534 vos
638 473 682 534 via
703 475 820 537 datibus
842 483 958 554 urguet,

146 557 265 637 pergite
288 565 317 618 et
331 559 466 636 inceptos
488 577 606 619 mecum
626 570 759 622 revocate
782 562 907 636 labores,

147 661 203 704 seu
225 642 321 722 pluris
342 643 467 704 tolerare
489 661 588 704 moras
610 661 774 724 rursusque
796 646 974 725 propinquis

147 727 328 806 quaesivisse
349 728 437 807 iugis,
460 728 589 807 pretium
610 729 681 790 haut
703 731 765 792 leve
786 730 928 809 temporis
950 725 1025 791 acti'

147 812 276 886 dixeram
299 820 329 874 et
349 812 454 874 studiis
476 813 637 875 iandudum
658 815 732 876 lreta
753 817 890 876 iuventus

147 904 214 958 orat
235 898 312 958 inire
332 897 408 972 vias;
431 917 525 959 unum
547 906 629 959 tanto
650 901 730 962 alere
753 909 849 974 coctu,

148 999 207 1042 nec
227 981 327 1044 miuus
348 983 380 1044 in
403 1001 468 1044 sese
491 983 608 1062 generis
630 983 806 1064 dextrasque
827 993 966 1065 potentes

147 1085 215 1127 esse
235 1067 347 1128 lerunt.
389 1067 440 1129 tali
460 1077 597 1130 mentem
611 1088 680 1148 pars
701 1071 826 1132 maxima
845 1070 916 1132 llatu

148 1151 237 1229 erigit
259 1161 288 1214 et
308 1169 381 1214 vana
403 1153 533 1232 gliscunt
555 1156 724 1232 praecordia
746 1155 861 1234 lingua:

146 1235 272 1297 saltibus
294 1245 328 1298 ut
348 1238 453 1299 mediis
475 1247 538 1300 tum
560 1239 679 1300 demum
700 1241 774 1302 laeta
795 1239 910 1302 reducit

147 1338 234 1382 cerva
256 1341 385 1402 gregem,
408 1331 471 1384 tum
494 1323 580 1402 gestit
602 1343 673 1404 aper
694 1325 854 1404 reboatque
875 1324 1013 1402 superbis

147 1407 316 1468 comminus
338 1427 408 1469 ursa
429 1408 519 1487 lupis,
543 1428 611 1470 cum
633 1430 697 1472 sese
719 1410 822 1472 llartie
843 1409 928 1489 tigris

147 1490 270 1552 abstulit
290 1501 341 1554 aut
362 1512 451 1555 curvo
475 1493 580 1554 tacitus
601 1495 647 1556 leo
669 1495 800 1558 condidit
821 1501 915 1556 antro.

148 1584 178 1636 at
200 1577 269 1656 pius
291 1577 405 1657 ingenti
427 1578 568 1640 Telamon
590 1579 648 1641 iam
669 1581 792 1642 fluctuat
813 1581 862 1642 ira¹

148 1680 217 1722 cum
239 1662 367 1737 fremitu,
390 1663 543 1742 saevisque
564 1683 667 1726 serens
687 1666 749 1727 sera
771 1666 866 1744 iurgia
888 1665 974 1726 dictis

147 1745 317 1825 insequitur
337 1766 505 1827 magnoque
527 1747 656 1828 inplorat
677 1750 798 1811 numina
820 1757 937 1828 questu.

147 1831 227 1892 idem
249 1851 338 1894 orans
361 1841 540 1912 prensatque
561 1833 639 1895 viros
661 1833 847 1913 demissaque
867 1834 993 1914 supplex

148 1916 250 1978 haeret
271 1917 307 1978 ad
328 1937 380 1979 ora
401 1918 499 1992 ducis,
523 1918 566 1979 nil
587 1939 619 1980 se
641 1937 732 1998 super
753 1917 880 1980 lleroule
901 1919 966 1993 lari,

148 2002 202 2062 sed
223 2002 304 2062 socio
327 2021 525 2082 quocumque,
549 2021 670 2082 gemens
692 2022 870 2083 quamquam
891 2022 995 2084 aspera
1017 2005 1092 2064 lama
1154 2051 1158 2074 ,

148 2086 208 2147 iam
229 2087 303 2162 loca,
325 2088 442 2167 iamque
463 2090 541 2149 seras
563 2108 617 2167 per
638 2089 760 2150 barbara
782 2089 867 2150 litora
890 2098 1001 2169 gentes,

149 2189 212 2232 non
234 2172 324 2233 alium
346 2181 448 2234 contra
462 2173 603 2248 Alciden,
627 2193 688 2236 non
711 2181 831 2254 pectora
852 2182 932 2236 tanta

148 2274 238 2334 posse
260 2257 332 2318 dari.
376 2277 497 2320 rursum
518 2258 682 2320 instimulat
703 2259 842 2337 ducitque
864 2259 993 2320 faventes

148 2342 355 2420 magnanimus
379 2342 525 2424 Calydone
546 2352 636 2418 satus,
660 2343 825 2423 potioribus
847 2343 896 2404 ille

150 2426 296 2487 deteriora
316 2428 418 2489 fovens
440 2446 617 2508 semperque
638 2428 753 2490 inversa
774 2428 852 2490 tueri

150 2510 244 2572 durus
266 2521 295 2572 et
315 2513 394 2574 haud
416 2512 484 2574 ullis
506 2531 646 2592 umquam
668 2512 842 2593 superabilis
864 2513 965 2618 aequis

149 2603 334 2658 rectorumve
355 2616 478 2658 memor.
518 2590 594 2660 ‘non
617 2593 762 2660 llerculis'
786 2598 884 2678 inquit
915 2598 1052 2676 adempti,

149 2681 203 2742 sed
224 2689 294 2742 tuus
316 2682 347 2743 iu
369 2701 452 2744 seros
474 2683 546 2744 haec
568 2692 670 2744 nostra
691 2683 807 2745 silentia
828 2691 951 2763 questus

148 2766 237 2827 traxit
257 2767 372 2842 honor,
395 2768 465 2829 dum
487 2767 552 2829 iura
574 2769 674 2842 dares,
697 2769 767 2830 dum
789 2777 922 2846 tempora
940 2766 1030 2828 laudi.

150 2851 295 2930 septimus
316 2851 366 2912 hic
387 2852 474 2914 celsis
496 2852 647 2916 descendit
666 2852 817 2914 montibus
840 2859 939 2912 auster

150 2935 269 3015 iamque
290 2945 382 2998 ratem
405 2937 549 3018 Scythicis
572 2938 672 2998 forsan
695 2937 843 2998 statuisset
865 2936 896 2998 in
919 2936 995 3008 oris;

151 3039 208 3081 nos
229 3021 339 3100 patriae
361 3023 563 3099 immemores,
586 3031 725 3084 maneant
746 3041 800 3084 ceu
823 3022 904 3084 nulla
925 3029 1057 3082 revectos

151 3106 266 3184 gaudia,
289 3107 342 3168 sed
364 3108 438 3168 duro
461 3125 562 3170 saevae
584 3109 640 3168 suh
662 3126 732 3187 rege
754 3108 903 3188 Mycenae,

150 3190 188 3251 ad
209 3192 338 3253 medum
359 3200 534 3254 cunctamur
555 3193 691 3258 ilenti
712 3193 822 3256 finibus
843 3192 912 3254 ullis
1036 3267 1039 3272 Ι

150 3275 204 3336 has
226 3277 352 3338 tolerare
373 3295 470 3338 moras
493 3286 522 3339 et
543 3278 642 3340 inania
663 3287 796 3358 tempora
817 3295 944 3356 possem,

151 3378 243 3439 regna
265 3362 352 3423 hodie
375 3371 404 3423 et
425 3362 541 3440 dulcem
563 3363 689 3444 sceptris
712 3362 857 3442 Calydona
879 3368 1010 3422 tenerem

150 3445 246 3507 laetus
269 3465 360 3526 opum
383 3448 525 3527 pacisque
547 3466 637 3522 meae,
660 3456 802 3527 tutusque
825 3465 975 3508 manerem

151 3530 219 3608 quis
240 3531 358 3610 genitor
378 3541 530 3611 materque
552 3533 635 3595 locis.
680 3533 752 3612 quid
773 3531 872 3594 deside
894 3539 972 3592 terra
1145 3539 1192 3590 660

150 3614 330 3677 haeremus?
354 3635 460 3678 vacuos
483 3637 537 3678 cur
557 3618 666 3679 lassant
688 3635 815 3696 aequora
836 3614 939 3678 visus?

135 3817 193 3869 623.
212 3815 297 3869 dubiis
314 3818 406 3884 quibus
424 3819 497 3870 anxia
511 3835 540 3885 p.
561 3835 582 3872 c.
604 3819 629 3871 0.
723 3821 779 3886 638.
800 3818 883 3871 terens
902 3817 942 3881 V,
960 3817 1042 3871 lenens
1060 3816 1085 3866 in
1105 3815 1140 3880 M,

65 3882 149 3935 serens
167 3883 219 3936 sera
238 3885 271 3948 P,
290 3901 377 3940 serens
394 3887 445 3938 sera
464 3886 512 3938 Bo.
