2780 4350
177 199 237 264 lte
368 212 394 263 c.
413 211 530 262 venem
547 185 659 261 redccr
675 205 930 261 naconnvrrcon
948 206 1043 259 unsa
1061 209 1101 259 vr.

258 366 422 444 promisere
442 362 536 426 mihi?
559 364 645 424 nobis
666 366 763 442 Argoa
785 363 907 442 pambas

259 450 371 511 scilicet
391 449 497 511 auxilia
520 457 549 510 et
568 459 664 510 tantas
686 449 868 527 coniungere
889 447 974 508 vires.

259 553 341 596 saeva
364 535 482 613 quidem
503 535 579 596 lucis
601 534 716 595 miseris
736 551 834 607 mora;
858 535 929 594 dent
949 541 1057 607 tamen
1080 551 1144 607 oro,

259 639 353 681 unum
374 620 458 681 illum
480 620 552 680 mibi
573 621 631 680 lata
652 619 739 693 diem,
762 618 813 697 qui
834 619 914 679 fallat
934 617 1060 678 Achivos

256 706 299 766 sic
320 705 450 780 meritos,
474 723 594 783 quoque
615 705 696 764 hunc
717 703 828 764 rideam
851 704 956 763 virtute
978 704 1141 782 superbum
1263 715 1305 765 735

257 791 424 853 Aesoniden
447 798 543 850 tantos
564 790 683 850 flentem
705 789 770 849 sine
791 790 905 850 honore
927 783 1060 850 labores?

257 877 368 937 dixerat
390 878 463 936 haec
484 881 647 953 pectusque
669 874 731 935 suis
754 874 904 935 everberat
924 874 1013 935 armis

256 962 418 1040 etgaleam
438 961 519 1032 fletu,
543 960 653 1038 galeam
676 959 855 1038 singultibus
877 958 995 1038 implet3

255 1046 315 1107 ibat
337 1054 366 1106 et
387 1045 418 1106 in
440 1043 529 1106 medii
551 1062 692 1123 praeceps
715 1044 850 1105 incendia
871 1043 951 1117 belli,

254 1131 286 1191 ni
307 1131 391 1209 prior
413 1129 540 1192 adversis
562 1129 656 1190 Pallas
678 1129 797 1190 vidisset
818 1129 854 1189 ab
877 1128 965 1190 armis

254 1223 283 1277 et
304 1234 422 1277 secum:
443 1209 516 1275 ‘ruit
538 1233 606 1276 ecce
628 1215 711 1274 ferox
732 1215 763 1274 in
786 1216 890 1275 lunera
911 1213 1026 1287 Perses,

253 1319 341 1380 quem
364 1301 480 1379 genitor
503 1300 619 1360 Colchis
641 1299 776 1377 solioque
796 1299 942 1379 inponere
964 1298 1062 1358 fratris

251 1385 309 1446 iam
332 1386 440 1445 statuit.
486 1393 587 1444 nostra
608 1401 712 1444 vereor
733 1403 772 1445 ne
792 1385 897 1445 fraude
919 1391 1106 1462 peremptum

252 1470 387 1548 increpet
409 1475 437 1528 et
459 1468 575 1547 culpam
596 1469 673 1528 hanc
694 1487 801 1546 magno
823 1477 937 1530 terrore
958 1463 1118 1547 rependat'

252 1555 325 1614 haec
347 1553 449 1614 dicens
470 1561 534 1613 atro
557 1552 695 1614 nebulam
717 1553 854 1614 dillundit
875 1554 982 1614 ainictu

254 1639 471 1717 stridentesque
493 1638 548 1698 viri
570 1639 682 1699 circum
705 1647 793 1717 caput
814 1647 927 1700 amovet
948 1639 1053 1699 hastas.

250 1725 301 1786 ille
323 1743 415 1804 super
436 1723 530 1784 socias
552 1723 688 1784 clementi
710 1724 829 1784 turbine
852 1731 955 1802 gentes

251 1810 375 1889 erigitur
396 1810 578 1888 paulumque
599 1809 655 1870 levi
677 1816 808 1888 raptatus
830 1808 861 1869 in
884 1810 983 1868 aethra

250 1896 307 1957 iam
329 1895 446 1955 tandem
469 1902 612 1954 extremas
634 1912 751 1972 pugnae
774 1893 905 1954 defertur
926 1893 956 1953 in
979 1911 1055 1966 oras,

249 1980 326 2040 sorte
348 1979 399 2038 urbi
421 1997 506 2039 serus
528 1979 620 2038 Hiber
641 1979 869 2057 Issedoniaeque
891 1978 1051 2057 phalanges
1249 1989 1292 2041 750

249 2063 341 2123 Marte
363 2071 465 2122 carent
487 2063 617 2141 solisque
639 2062 739 2123 iuvant
760 2063 938 2124 clamoribus
960 2081 1075 2142 agmen.

291 2147 355 2207 Nox
377 2146 465 2207 simul
488 2147 635 2208 astriferas
657 2148 771 2227 profert
792 2148 928 2228 optabilis
950 2149 1069 2209 umbras
1076 2165 1085 2222 ;

249 2240 278 2293 et
300 2232 376 2294 cadit
397 2233 543 2312 extemplo
565 2232 634 2293 belli
656 2234 756 2312 fragor
778 2251 924 2312 aegraque
944 2234 1039 2294 muris

249 2317 413 2397 digreditur
433 2317 555 2396 longum
577 2318 659 2398 virgo
682 2337 821 2397 perpessa
844 2318 989 2379 timorem.

247 2410 281 2462 ut
301 2404 363 2463 fera
384 2403 508 2480 Nyctelii
530 2403 650 2481 paulum
674 2422 728 2483 per
749 2421 830 2463 sacra
853 2404 1004 2478 resistunt,
1247 2414 1290 2464 755

151 2561 153 2566 ι
248 2505 316 2546 mox
337 2504 463 2563 rapuere
485 2487 573 2547 deum
594 2488 649 2548 iam
672 2489 728 2547 iam
751 2487 781 2547 in
805 2489 1013 2566 quodcumque
1035 2495 1153 2568 paratae
1365 2501 1366 2504 ’

247 2570 401 2647 Thyiades,
424 2569 495 2628 baut
516 2569 573 2628 alio
595 2580 705 2631 remeat
725 2572 825 2632 Medea
847 2574 988 2647 tumultu,

246 2654 341 2731 adque
364 2653 442 2714 inter
463 2652 643 2732 Graiumque
665 2653 741 2716 acies
764 2657 933 2736 patriasque
954 2658 1114 2738 phalangas

246 2757 364 2819 semper
385 2739 541 2819 inexpletis
562 2739 715 2820 adgnoscit
736 2740 839 2802 lasona
861 2743 941 2804 curis

246 2841 385 2904 armaque
407 2825 518 2904 quique
540 2844 607 2886 cara
630 2835 765 2906 superest
787 2827 823 2888 de
845 2829 956 2888 casside
978 2828 1100 2888 vultum.
1245 2835 1289 2888 76⁰
1363 2897 1364 2908 χ

229 2992 287 3042 734.
306 3005 356 3057 quo
374 2991 445 3041 lallet
461 3007 491 3054 π,
509 3007 561 3057 quo
578 2991 650 3043 fallat
668 2992 700 3055 C,
719 2995 763 3060 qui
781 2994 852 3046 lallat
868 2995 892 3046 J.
913 2994 955 3046 W.
1026 2997 1083 3048 742.
1102 2995 1237 3062 iteponere

161 3055 194 3122 V,
213 3071 333 3123 reponere
352 3057 387 3120 M,
406 3058 528 3123 inponere
549 3057 595 3108 Tb.
674 3063 731 3113 750.
750 3061 843 3114 hiberis
860 3063 1026 3130 sidoniaeque
1043 3079 1072 3129 π,
1088 3063 1144 3116 lber
1160 3064 1236 3118 Esse-

159 3123 301 3190 doniaeque
321 3124 352 3187 C,
371 3125 447 3176 Hiber
463 3125 657 3193 lssedoniaeque
679 3125 723 3179 Tb.
743 3132 790 3194 (on
808 3130 1026 3196 lssidoniaequell
1110 3134 1168 3186 756.
1186 3133 1237 3184 iam

158 3192 184 3244 in
204 3193 247 3255 Bo,
265 3192 314 3242 iam
334 3197 393 3256 (om.
411 3193 447 3256 inl
469 3209 497 3244 π.
567 3197 624 3247 760.
642 3195 728 3248 vultus
746 3215 774 3261 π,
792 3198 890 3250 vultum
907 3199 931 3250 J.
952 3199 994 3251 W.
