2764 4340
570 187 598 238 c.
619 185 738 254 uncum
751 184 862 236 nnauu
920 145 926 160 ⁸

253 358 330 440 palla
351 359 427 420 imos
447 358 517 420 ierit
537 359 601 419 alba
622 358 713 436 pedes
734 356 891 435 vittataque
914 356 1011 418 lronte
1076 391 1079 396 ·

254 443 345 505 cassis
368 451 396 505 et
418 443 449 504 in
472 460 587 504 summo
609 442 709 502 laurus
731 440 842 504 Peneia
864 459 951 501 cono.

253 529 328 607 quin
351 528 437 591 ctiam
460 527 606 588 Herculeo
630 526 783 604 consurgit
803 525 839 586 ab
863 525 967 586 ordine
990 525 1108 605 Tydeus

253 613 431 691 Nelidesque
453 613 684 692 Periclymenus,
706 629 794 689 quem
817 629 905 689 parva
926 611 1067 672 Methone

254 705 284 759 et
303 697 375 759 levis
397 698 459 759 Elis
482 698 566 776 equis
589 705 618 758 et
639 696 777 758 fluctibus
800 695 903 756 obvius
926 697 1022 757 Aulon

253 782 400 844 caestibus
420 785 557 844 adversos
578 782 715 842 viderunt
734 781 872 858 frangere
892 781 1001 842 vultus.

254 876 287 929 tu
310 886 430 947 quoque
452 867 594 928 Phrixeos
616 885 708 940 remo,
731 865 880 946 Pqeantie,
905 865 1031 926 Colchos

253 951 299 1014 his
320 953 455 1014 Lemnon
477 952 575 1012 visure
598 951 684 1030 petis,
707 969 788 1011 nunc
811 949 933 1029 cuspide
955 951 1047 1031 patris

255 1037 387 1112 inclitus,
411 1037 570 1099 Herculeas
594 1036 664 1096 olim
685 1043 802 1096 moture
824 1035 953 1114 sagittas.

255 1122 409 1202 proximus
431 1123 501 1183 hinc
523 1123 613 1183 Butes
634 1120 749 1182 Actaeis
772 1120 851 1181 dives
873 1120 909 1180 ab
932 1120 1009 1194 oris;

254 1207 424 1272 innumeras
447 1226 515 1268 nam
538 1206 646 1268 claudit
667 1225 738 1285 apes
760 1204 907 1284 longaque
928 1205 1075 1284 superbus

254 1293 350 1353 fuscat
372 1293 451 1354 nube
473 1293 560 1366 diem,
584 1293 654 1353 dum
676 1291 779 1369 plenas
802 1297 920 1350 nectare
943 1290 1030 1350 cellas

255 1377 357 1457 pandit
378 1385 407 1437 et
429 1377 459 1436 in
482 1377 607 1457 dulcem!
620 1393 705 1454 reges
728 1373 846 1435 dimittit
867 1375 1035 1453 Hymetton.

254 1461 421 1540 insequeris
444 1479 589 1539 casusque
611 1468 679 1520 tuos
701 1478 847 1538 expressa,
870 1459 1002 1534 Phalere,

256 1565 336 1607 arma
359 1545 452 1626 geris;
475 1564 565 1606 vacua
587 1563 655 1605 nam
676 1545 778 1623 lapsus
798 1544 833 1604 ah
857 1545 961 1605 arbore
983 1563 1105 1623 parvum

255 1639 300 1692 ter
322 1638 426 1710 quater
447 1630 561 1691 ardenti
583 1637 666 1708 tergo
690 1629 882 1690 circumvenit
903 1630 1024 1707 anguis:
1061 1681 1063 1688 ,

254 1723 310 1776 stat
331 1715 436 1796 procul
457 1715 624 1777 intendens·
635 1714 759 1776 dubium
781 1721 864 1793 pater
885 1714 989 1775 anxius
1011 1732 1121 1775 arcum.

256 1809 318 1861 tum
341 1802 449 1862 caelata
471 1809 567 1862 metus
590 1800 663 1860 alios
686 1800 761 1878 gerit
782 1791 863 1860 arma
884 1799 1029 1860 Eribotes.

256 1905 311 1947 nec
334 1886 440 1947 Peleus
461 1886 555 1946 fretus
578 1885 689 1946 soceris
712 1892 748 1946 et·
762 1885 890 1962 coniuge
912 1884 976 1944 diva

255 1969 356 2044 deluit,
379 1989 413 2031 ao
435 1989 523 2050 prora
545 1970 681 2048 splendet
702 1977 752 2029 tua
774 1969 874 2047 cuspis
897 1968 932 2029 uh
955 1969 1021 2044 alta,

255 2054 394 2116 Aeacide:
417 2061 531 2114 tanturn
552 2055 625 2114 haec
646 2053 710 2114 aliis
729 2053 876 2114 'excelsior
897 2054 998 2128 hastis

255 2146 398 2218 quantum
421 2138 549 2199 Peliacas
572 2138 602 2198 in
624 2137 734 2199 vertice
755 2138 863 2222 vicerat
884 2157 984 2199 ornos.

254 2223 363 2303 linquit
385 2231 414 2284 et
435 2223 587 2285 Actorides
611 2231 712 2284 natum
735 2223 872 2284 Chironis
894 2223 925 2283 in
948 2231 1043 2298 antro,

253 2317 287 2371 ut
309 2309 407 2370 socius
430 2327 497 2370 caro
520 2309 631 2388 pariter
652 2308 810 2370 meditetur
832 2307 938 2369 Achilli

252 2394 300 2455 tila
322 2394 400 2474 lyrae
422 2395 591 2474 pariterque
613 2395 691 2454 leves
712 2412 788 2473 puer
810 2393 912 2454 incitet
933 2393 1029 2454 hastas

254 2480 356 2556 [discat
377 2497 467 2557 eques
489 2478 595 2557 placidi
618 2478 816 2538 conscendere
838 2485 919 2556 terga
939 2473 1092 2556 magistril.

254 2571 283 2624 et
304 2581 393 2642 quem
414 2564 490 2623 lama
512 2581 606 2640 genus
629 2581 690 2622 non
713 2570 757 2622 est
779 2564 900 2640 deceptu
920 2562 1009 2641 Lyaei

254 2645 353 2708 Phlias
374 2646 515 2707 inmissus
538 2646 648 2726 patrios
670 2648 707 2707 de
728 2646 836 2707 uertice
858 2647 964 2709 crines

254 2751 310 2793 nec
332 2733 416 2793 timet
437 2733 586 2793 Ancaeum
609 2731 742 2810 genetrix
766 2731 948 2793 committere
970 2739 1072 2810 ponto,

253 2818 341 2896 plena
362 2817 429 2878 tulit
450 2835 539 2895 quem
560 2835 630 2896 rege
653 2817 751 2877 maris.
795 2835 919 2878 securus
941 2817 971 2878 in
995 2834 1106 2896 aequor

253 2903 323 2963 haut
344 2903 443 2964 minus
465 2902 604 2981 Erginus,
627 2903 727 2982 proles
748 2902 904 2981 Neptunia,
926 2903 1029 2976 lertur,

199 3027 202 3034 ·
254 2987 305 3065 qui
327 2988 415 3048 maris
437 2987 568 3061 insidiaS,
591 2987 685 3047 clarae
707 2987 759 3064 qui
781 2987 876 3048 sidera
897 2986 993 3047 noctis

254 3072 333 3132 norit
355 3079 384 3132 et
405 3091 422 3133 e
444 3070 552 3132 clausis
574 3089 662 3149 quam
684 3072 810 3132 destinet
831 3071 940 3132 Aeolus
961 3071 1051 3144 auris,

254 3174 315 3215 non
338 3163 448 3216 metuat
469 3155 517 3215 cui
546 3155 737 3234 regnaretis,
761 3156 809 3216 cui
831 3157 946 3216 tradere
967 3156 1080 3217 caelum

253 3240 372 3300 adsidua
395 3240 505 3319 Tiphys
527 3240 639 3300 vultum
661 3240 784 3301 lassatus
804 3240 841 3301 ab
864 3242 961 3300 Arcto.

253 3331 352 3385 taurea
373 3324 511 3386 vulnifico
534 3332 632 3404 portat
651 3325 818 3405 caelataque
839 3325 960 3404 plumbo

1369 2841 1370 2874 l

1245 2915 1292 2966 415
1369 2875 1370 2962 l

1369 3029 1370 3086 l

236 3526 295 3576 385.
313 3523 421 3574 frontem
439 3539 467 3588 n,
486 3525 568 3576 fronte
595 3524 679 3576 Bartl
706 3523 786 3586 (Stat.
813 3523 891 3580 rtet.
910 3526 948 3590 lll,
967 3530 1034 3590 566).
1071 3527 1128 3578 389.
1155 3524 1245 3577 lelevis

167 3657 220 3710 ΗΒ.
290 3660 347 3712 399.
371 3673 452 3710 vacua
477 3659 509 3725 V,
538 3675 617 3712 naevo
635 3661 671 3724 Μ,
700 3661 786 3727 patula
810 3659 861 3714 He.
902 3679 938 3714 an
960 3663 1053 3714 vasta?
1130 3663 1187 3714 494.
1213 3659 1247 3713 ad

1369 3419 1370 3478 l

169 3591 222 3656 Vr,
250 3595 277 3643 et
294 3591 359 3643 levis
377 3590 413 3643 M.
483 3594 532 3646 393
564 3609 647 3658 nuque
673 3593 709 3644 ad
734 3595 784 3644 442
810 3594 905 3645 denunt
935 3599 962 3644 in
988 3596 1016 3646 P.
1103 3595 1160 3647 394.
1185 3592 1245 3644 huic

1369 3803 1370 3840 l

169 3723 233 3790 VM,
259 3730 285 3778 et
302 3725 356 3791 ltu,
373 3741 403 3778 ac
420 3743 454 3777 m.
524 3730 582 3780 419.
602 3730 674 3780 uncis
692 3728 794 3780 inclusit
813 3730 872 3780 Sol.
925 3729 1198 3797 412.pclias(pelyas)
1215 3745 1244 3790 n,

167 3795 250 3863 phlias
268 3793 322 3844 na.
391 3797 450 3846 417.
461 3809 537 3861 quem
556 3797 684 3847 ...antris
702 3813 730 3860 n,
743 3805 817 3864 quam
828 3834 833 3846 .
845 3834 851 3848 .
863 3837 868 3850 .
881 3799 948 3850 aurio
967 3798 1016 3850 Vo.
1067 3799 1125 3849 418.
1144 3795 1245 3848 clavum

164 3880 191 3931 χ.

263 3863 321 3913 tto.
347 3861 473 3926 celerari,
492 3862 639 3928 caelataque
659 3863 752 3914 Gcod.
770 3865 834 3915 Bur.
