2764 4340
553 197 556 204 .
607 153 633 205 C.
650 152 768 204 vntum
784 152 896 206 rinnel

276 327 333 386 iam
356 323 452 387 brevis
475 330 505 384 et
524 323 583 384 telo
605 323 718 386 volucri
740 344 801 385 non
823 325 904 386 utilis
926 344 984 386 aer.

276 419 340 472 tum
361 427 430 470 vero
452 407 587 470 fremitus
608 409 735 488 venique
757 409 872 470 insanie
892 411 988 492 coepti

276 503 305 557 et
325 494 432 556 tacitus
453 493 551 573 pudor
573 501 601 554 et
622 513 726 554 rursus
748 495 910 574 pallescere
928 496 1022 574 virgo,

225 623 229 632 ‚
275 579 383 661 proicit
403 597 483 640 arma
504 597 605 653 manu,
625 580 767 658 scopulos
787 580 942 658 vicinaque
962 600 1036 660 ‚saxa

271 665 405 745 respicit,
429 672 458 726 et
479 672 624 743 quantum
644 665 738 726 ventis
760 664 1012 726 adiutnvetnstas‘
1106 723 1109 729 .

276 751 424 831 inpulerat
446 749 566 829 pontive
587 749 695 828 fragor,
717 756 833 812 tanturn
854 750 1049 814 absciditimi

276 835 450 898 concutiens
472 854 489 898 a
511 835 579 896 sede
601 835 699 896 meris.
722 835 840 913 iamque
861 837 977 914 agmine
999 844 1061 897 toto

275 921 376 1000 pistris
398 921 481 982 adest
501 919 686 999 miseraeque
705 919 800 980 inhiet
821 920 879 982 iam
900 921 1032 1000 proxime
1054 922 1201 1001 praedae.

272 1005 332 1067 'stat
352 1005 456 1066 mediis
479 1005 572 1066 elatus
594 1005 679 1084 aquis
699 1004 1021 1084 recipitque.ruente1n

276 1091 392 1153 Alcides
415 1109 543 1170 saxoque
564 1090 647 1170 prior
667 1090 820 1169 surgentia
841 1091 918 1152 colla
985 1141 988 1152 ,
1031 1127 1043 1141 ··
1073 1101 1088 1137 f

276 1176 374 1236 obruit
381 1194 390 1251 ;
412 1176 483 1237 hinc
503 1183 600 1236 vastos
622 1175 727 1237 nodosi
748 1175 864 1238 roboris
886 1175 962 1237 ictus

276 1261 472 1340 congeminat.
494 1260 605 1322 lluctus
625 1262 757 1323 defertur
777 1261 864 1322 belua
882 1260 917 1322 in
939 1261 1016 1322 imos
1055 1291 1065 1326 s
1079 1291 1090 1306 υ

276 1346 334 1406 iam
355 1346 424 1405 totis
446 1346 575 1406 resoluta
596 1345 693 1419 vadis;
716 1344 859 1424 Idaeaque
880 1353 973 1408 mater

226 1485 228 1488 .
278 1439 307 1491 et
328 1431 439 1491 chorus
460 1435 490 1489 et
510 1429 634 1490 summis
656 1429 809 1500 ulularunt
831 1430 956 1493 collibus
978 1431 1097 1495 Amnes.

277 1514 414 1594 protinus
437 1533 453 1574 e
475 1513 605 1594 scopulis
629 1520 657 1575 et
679 1531 769 1592 opaca
790 1515 862 1576 ualle
884 1522 1047 1594 resurgunt

276 1607 410 1680 pastores
431 1599 605 1678 magnisque
627 1605 732 1678 petunt
752 1599 929 1662 clamorihue
950 1600 1064 1662 mbem.

277 1684 401 1747 nuntius
422 1684 493 1746 hinc
515 1685 612 1748 socios
634 1684 775 1747 Telamon
796 1693 889 1760 vocet,
912 1705 946 1748 ao
967 1685 1057 1750 simul
1076 1685 1134 1763 ipsi

275 1771 456 1832 horrescunt
476 1771 633 1849 subitoque
654 1770 754 1834 vident
775 1771 807 1832 in
829 1772 975 1849 sanguine
994 1789 1138 1850 puppem¹

278 1876 334 1918 nec
355 1856 455 1918 minus
477 1856 507 1916 in
530 1855 670 1936 scopulos
691 1855 846 1935 crudique
858 1855 1012 1918 eacumina
1032 1855 1093 1919 seri

279 1941 383 2002 emicet
405 1939 521 2002 Alcides
542 1940 706 2018 vinclisque
728 1940 898 2002 tenentibus
920 1942 1016 2002 aufert

276 2025 423 2104 virgineas
446 2025 481 2085 de
503 2039 578 2103 rupe
599 2042 704 2086 manus
726 2031 864 2102 optetque
885 2024 1023 2104 superbis

276 2129 357 2170 arma
378 2108 504 2182 umeris;
527 2127 627 2188 regem
650 2108 719 2170 inde
740 2116 848 2189 petens
868 2109 1023 2189 superabat
1045 2118 1148 2173 ovante

234 2227 237 2234 ·
276 2196 362 2257 litora
383 2202 446 2255 tuta
468 2194 569 2274 gradu,
592 2193 688 2272 qualis
710 2213 765 2275 per
785 2213 894 2274 pascua
915 2195 1008 2258 victor

277 2281 452 2361 ingreditur,
474 2287 538 2341 tnm
560 2279 635 2340 colla
657 2287 783 2355 tumens,
807 2287 870 2342 tum
892 2281 998 2345 celsior
1020 2280 1108 2342 armis

275 2374 388 2440 taurus,
411 2365 464 2426 ubi
486 2364 599 2426 adsueti
620 2365 738 2444 peeoris
760 2366 873 2428 stabula
893 2367 950 2428 alte
971 2365 1095 2428 revisit·

277 2459 306 2511 et
326 2450 455 2530 patrium
477 2469 582 2510 nemus
604 2458 633 2509 et
655 2449 735 2513 bello
755 2469 831 2528 qnos
853 2451 934 2512 ultus
955 2469 1080 2512 amores,
1114 2475 1116 2482 ·

320 2535 411 2595 Obvia
433 2534 481 2594 oui
503 2540 607 2594 contra
628 2533 725 2611 longis
748 2535 853 2596 emisse
874 2535 1005 2597 tenebris
1273 2537 1314 2591 550

277 2619 363 2680 turba
384 2618 534 2698 Phrygum
556 2636 737 2697 paruumque
758 2620 877 2680 trahens
900 2639 967 2684 cum
989 2621 1117 2699 coniuge
1139 2629 1242 2684 netum
1363 2630 1364 2643 ¹

276 2704 462 2778 Laomedon3
485 2703 542 2764 iam
563 2709 818 2784 maestustequoq
842 2704 899 2768 iam
921 2705 1017 2767 debita
1038 2705 1121 2785 posci

277 2792 354 2852 dona
376 2789 474 2869 gemit.
496 2807 565 2868 pars
588 2787 659 2850 aerii
681 2789 796 2869 matigia
816 2792 895 2852 muri

273 2875 369 2954 cingit
391 2882 420 2936 et
440 2875 550 2954 ignotis
572 2875 707 2936 invenem
728 2875 874 2937 mirentur
896 2876 927 2938 in
949 2876 1047 2938 armis.
1089 2929 1092 2936 ,

277 2962 360 3021 illum
382 2969 463 3020 torva
484 2967 572 3019 tuens
593 2960 689 3038 adque
710 2961 770 3022 acri
792 2961 924 3024 lubricus
946 2968 1011 3024 estu

277 3065 328 3106 rex
349 3044 430 3106 subit
451 3051 479 3104 ct
500 3043 595 3122 patric
617 3044 695 3104 latur
714 3045 792 3106 mele
811 3045 906 3106 lectus
927 3065 1041 3108 amore:

274 3125 412 3191 ‘maxime
434 3129 644 3207 Graiugenum,
667 3146 756 3207 quem
778 3149 838 3192 non
855 3131 942 3208 Sigea
962 3137 1112 3210 petentem

277 3215 362 3275 litora
385 3233 439 3274 nec
462 3221 580 3275 nostrae
601 3214 788 3276 miserantem
810 3215 1048 3278 funcra'lroiee

276 3298 390 3378 adpulit
412 3299 457 3359 his
476 3300 539 3360 sors
560 3300 624 3378 ipsa
645 3297 728 3373 locis,
751 3299 776 3360 si
798 3319 865 3361 vera
886 3308 1037 3380 parentem

276 3386 352 3446 lama
374 3383 471 3444 lovem
493 3384 659 3462 summique
680 3383 733 3444 tihi
756 3403 849 3463 genus
872 3405 936 3448 csse
958 3385 1110 3459 Tonantis,
1270 3389 1311 3443 560

276 3477 378 3532 noster
399 3468 467 3529 ades
490 3469 656 3547 iunctisque
679 3469 776 3545 renis;
799 3478 878 3531 sator
899 3490 978 3532 unns
1001 3479 1029 3532 et
1017 3470 1128 3530 tidem

260 3641 317 3691 529
336 3637 492 3706 inponente,
508 3635 634 3702 inpuleret
655 3635 700 3687 Τ5.
788 3639 846 3689 535.
863 3637 947 3689 bellna
976 3637 1003 3702 C,
1020 3637 1150 3705 pistrisp,
1169 3653 1219 3689 om.
1235 3654 1262 3688 π

194 3737 223 3746 -
243 3713 303 3772 port
321 3707 370 3760 565
390 3706 456 3755 duos
473 3705 516 3754 vol
532 3711 585 3754 troc
602 3705 769 3755 intercidisse
787 3721 877 3756 ceraue
895 3713 937 3756 ata
939 3709 991 3755 tuit
1012 3705 1073 3767 Ta,
1099 3707 1128 3754 in
1146 3703 1203 3758 ΜΒ
1220 3707 1262 3756 lito

193 3776 310 3840 legitur:
327 3773 411 3825 uttibi
429 3777 527 3825 servate
539 3771 614 3824 stetui
628 3787 704 3838 quam
715 3776 790 3838 (quae
808 3771 1262 3840 correcomnthlmnncraprobc
1363 3766 1364 3819 l

194 3842 279 3910 (prole
299 3857 410 3876 eeeeeee
378 3846 475 3891 erut
492 3855 525 3890 m.
542 3856 584 3908 pr.
603 3838 647 3904 B).
