<?xml version="1.0" encoding="UTF-8"?>
<!DOCTYPE html PUBLIC "-//W3C//DTD XHTML 1.0 Transitional//EN"
    "http://www.w3.org/TR/xhtml1/DTD/xhtml1-transitional.dtd">
<html xmlns="http://www.w3.org/1999/xhtml" xml:lang="en" lang="en">
 <head>
  <title>
</title>
<meta http-equiv="Content-Type" content="text/html;charset=utf-8" />
  <meta name='ocr-system' content='tesseract 3.04.00' />
  <meta name='ocr-capabilities' content='ocr_page ocr_carea ocr_par ocr_line ocrx_word'/>
</head>
<body>
  <div class='ocr_page' id='page_1' title='image "./cvaleriflaccise00flacgoog_0146.png"; bbox 0 0 2780 4350; ppageno 0'>
   <div class='ocr_carea' id='block_1_1' title="bbox 462 239 1231 302">
    <p class='ocr_par' dir='ltr' id='par_1_1' title="bbox 462 239 1231 302">
     <span class='ocr_line' id='line_1_1' title="bbox 462 239 1231 302; baseline 0.013 -10"><span class='ocrx_word' id='word_1_1' title='bbox 462 239 716 296; x_wconf 77' lang='lat' dir='ltr'>ARGONAVTlGON</span> <span class='ocrx_word' id='word_1_2' title='bbox 734 241 827 294; x_wconf 84' lang='lat' dir='ltr'>LlBER</span> <span class='ocrx_word' id='word_1_3' title='bbox 839 241 891 293; x_wconf 89' lang='lat' dir='ltr'>Vll.</span> <span class='ocrx_word' id='word_1_4' title='bbox 1172 239 1231 302; x_wconf 74' lang='lat'>129</span> 
     </span>
    </p>
   </div>
   <div class='ocr_carea' id='block_1_2' title="bbox 109 396 1231 3519">
    <p class='ocr_par' dir='ltr' id='par_1_2' title="bbox 190 396 1231 1322">
     <span class='ocr_line' id='line_1_2' title="bbox 191 396 1035 476; baseline 0 -17"><span class='ocrx_word' id='word_1_5' title='bbox 191 417 239 460; x_wconf 92' lang='lat' dir='ltr'>me</span> <span class='ocrx_word' id='word_1_6' title='bbox 261 415 381 476; x_wconf 91' lang='lat' dir='ltr'>quoqne</span> <span class='ocrx_word' id='word_1_7' title='bbox 403 403 575 457; x_wconf 82' lang='lat' dir='ltr'>cunctantes</span> <span class='ocrx_word' id='word_1_8' title='bbox 597 396 746 458; x_wconf 87' lang='lat' dir='ltr'>interdurn</span> <span class='ocrx_word' id='word_1_9' title='bbox 768 413 929 474; x_wconf 82' lang='lat' dir='ltr'><strong>agnoscere</strong></span> <span class='ocrx_word' id='word_1_10' title='bbox 950 398 1035 459; x_wconf 88' lang='lat' dir='ltr'>tauri.</span> 
     </span>
     <span class='ocr_line' id='line_1_3' title="bbox 191 480 1231 560; baseline 0.002 -17"><span class='ocrx_word' id='word_1_11' title='bbox 191 483 238 543; x_wconf 92' lang='lat' dir='ltr'>his</span> <span class='ocrx_word' id='word_1_12' title='bbox 259 481 353 560; x_wconf 83' lang='lat' dir='ltr'>magis</span> <span class='ocrx_word' id='word_1_13' title='bbox 375 481 470 559; x_wconf 85' lang='lat' dir='ltr'>adque</span> <span class='ocrx_word' id='word_1_14' title='bbox 490 480 584 560; x_wconf 81' lang='lat' dir='ltr'>magis</span> <span class='ocrx_word' id='word_1_15' title='bbox 605 481 716 542; x_wconf 81' lang='lat' dir='ltr'>rabiem</span> <span class='ocrx_word' id='word_1_16' title='bbox 738 499 819 541; x_wconf 93' lang='lat' dir='ltr'>nunc</span> <span class='ocrx_word' id='word_1_17' title='bbox 841 488 942 542; x_wconf 90' lang='lat' dir='ltr'>nostra</span> <span class='ocrx_word' id='word_1_18' title='bbox 963 491 1102 546; x_wconf 86' lang='lat' dir='ltr'>senectus</span> <span class='ocrx_word' id='word_1_19' title='bbox 1200 493 1231 545; x_wconf 79' lang='lat'>65</span> 
     </span>
     <span class='ocr_line' id='line_1_4' title="bbox 190 565 953 644; baseline -0.003 -16"><span class='ocrx_word' id='word_1_20' title='bbox 190 567 397 643; x_wconf 82' lang='lat' dir='ltr'>luxuriemque</span> <span class='ocrx_word' id='word_1_21' title='bbox 419 565 507 640; x_wconf 81' lang='lat' dir='ltr'>dedit,</span> <span class='ocrx_word' id='word_1_22' title='bbox 529 565 675 644; x_wconf 88' lang='lat' dir='ltr'>solitoque</span> <span class='ocrx_word' id='word_1_23' title='bbox 697 565 855 644; x_wconf 91' lang='lat' dir='ltr'>superbior</span> <span class='ocrx_word' id='word_1_24' title='bbox 875 566 953 644; x_wconf 80' lang='lat' dir='ltr'>ignis</span> 
     </span>
     <span class='ocr_line' id='line_1_5' title="bbox 192 649 954 726; baseline 0 -14"><span class='ocrx_word' id='word_1_25' title='bbox 192 670 244 712; x_wconf 92' lang='lat' dir='ltr'>ore</span> <span class='ocrx_word' id='word_1_26' title='bbox 265 650 373 711; x_wconf 79' lang='lat' dir='ltr'>fremit.</span> <span class='ocrx_word' id='word_1_27' title='bbox 417 651 541 712; x_wconf 91' lang='lat' dir='ltr'>succede</span> <span class='ocrx_word' id='word_1_28' title='bbox 562 668 654 724; x_wconf 90' lang='lat' dir='ltr'>meae,</span> <span class='ocrx_word' id='word_1_29' title='bbox 676 649 843 724; x_wconf 82' lang='lat' dir='ltr'>fortissime,</span> <span class='ocrx_word' id='word_1_30' title='bbox 866 650 954 726; x_wconf 88' lang='lat' dir='ltr'>laudi,</span> 
     </span>
     <span class='ocr_line' id='line_1_6' title="bbox 192 735 1123 813; baseline 0.002 -17"><span class='ocrx_word' id='word_1_31' title='bbox 192 744 222 797; x_wconf 91' lang='lat' dir='ltr'>et</span> <span class='ocrx_word' id='word_1_32' title='bbox 242 743 362 796; x_wconf 90' lang='lat' dir='ltr'>nostros</span> <span class='ocrx_word' id='word_1_33' title='bbox 382 735 489 810; x_wconf 77' lang='lat' dir='ltr'>recole,</span> <span class='ocrx_word' id='word_1_34' title='bbox 512 735 630 813; x_wconf 87' lang='lat' dir='ltr'>hospes,</span> <span class='ocrx_word' id='word_1_35' title='bbox 653 751 749 813; x_wconf 80' lang='lat' dir='ltr'>agros</span> <span class='ocrx_word' id='word_1_36' title='bbox 794 753 849 795; x_wconf 89' lang='lat' dir='ltr'>nec</span> <span class='ocrx_word' id='word_1_37' title='bbox 871 735 982 797; x_wconf 88' lang='lat' dir='ltr'>semina</span> <span class='ocrx_word' id='word_1_38' title='bbox 1005 737 1123 812; x_wconf 91' lang='lat' dir='ltr'>derunt,</span> 
     </span>
     <span class='ocr_line' id='line_1_7' title="bbox 192 819 1144 900; baseline 0.002 -20"><span class='ocrx_word' id='word_1_39' title='bbox 192 839 267 899; x_wconf 91' lang='lat' dir='ltr'>quae</span> <span class='ocrx_word' id='word_1_40' title='bbox 289 821 373 900; x_wconf 91' lang='lat' dir='ltr'>prius</span> <span class='ocrx_word' id='word_1_41' title='bbox 394 820 459 899; x_wconf 90' lang='lat' dir='ltr'>ipse</span> <span class='ocrx_word' id='word_1_42' title='bbox 481 819 599 894; x_wconf 88' lang='lat' dir='ltr'>dabam,</span> <span class='ocrx_word' id='word_1_43' title='bbox 624 827 652 880; x_wconf 87' lang='lat' dir='ltr'>et</span> <span class='ocrx_word' id='word_1_44' title='bbox 673 837 794 893; x_wconf 88' lang='lat' dir='ltr'>messes,</span> <span class='ocrx_word' id='word_1_45' title='bbox 817 837 891 897; x_wconf 86' lang='lat' dir='ltr'>quas</span> <span class='ocrx_word' id='word_1_46' title='bbox 912 821 995 882; x_wconf 89' lang='lat' dir='ltr'>solus</span> <span class='ocrx_word' id='word_1_47' title='bbox 1018 820 1144 884; x_wconf 87' lang='lat' dir='ltr'>obibam.</span> 
     </span>
     <span class='ocr_line' id='line_1_8' title="bbox 191 904 911 982; baseline -0.003 -16"><span class='ocrx_word' id='word_1_48' title='bbox 191 904 323 966; x_wconf 88' lang='lat' dir='ltr'>consiliis</span> <span class='ocrx_word' id='word_1_49' title='bbox 345 923 405 966; x_wconf 85' lang='lat' dir='ltr'>nox</span> <span class='ocrx_word' id='word_1_50' title='bbox 425 923 484 966; x_wconf 89' lang='lat' dir='ltr'>una</span> <span class='ocrx_word' id='word_1_51' title='bbox 506 904 586 977; x_wconf 89' lang='lat' dir='ltr'>satis,</span> <span class='ocrx_word' id='word_1_52' title='bbox 608 911 766 982; x_wconf 88' lang='lat' dir='ltr'>tecumque</span> <span class='ocrx_word' id='word_1_53' title='bbox 787 911 911 964; x_wconf 85' lang='lat' dir='ltr'>retracta</span> 
     </span>
     <span class='ocr_line' id='line_1_9' title="bbox 192 988 1068 1068; baseline -0.002 -16"><span class='ocrx_word' id='word_1_54' title='bbox 192 1008 319 1068; x_wconf 88' lang='lat' dir='ltr'>cumque</span> <span class='ocrx_word' id='word_1_55' title='bbox 341 988 399 1049; x_wconf 92' lang='lat' dir='ltr'>tuis</span> <span class='ocrx_word' id='word_1_56' title='bbox 421 990 494 1050; x_wconf 90' lang='lat' dir='ltr'>haec</span> <span class='ocrx_word' id='word_1_57' title='bbox 515 989 594 1050; x_wconf 88' lang='lat' dir='ltr'>iussa</span> <span class='ocrx_word' id='word_1_58' title='bbox 616 988 694 1062; x_wconf 93' lang='lat' dir='ltr'>deis;</span> <span class='ocrx_word' id='word_1_59' title='bbox 716 1007 750 1049; x_wconf 86' lang='lat' dir='ltr'>ac</span> <span class='ocrx_word' id='word_1_60' title='bbox 772 988 869 1067; x_wconf 86' lang='lat' dir='ltr'>siquid</span> <span class='ocrx_word' id='word_1_61' title='bbox 890 989 922 1048; x_wconf 94' lang='lat' dir='ltr'>in</span> <span class='ocrx_word' id='word_1_62' title='bbox 944 988 1001 1051; x_wconf 89' lang='lat' dir='ltr'>isto</span> <span class='ocrx_word' id='word_1_63' title='bbox 1023 997 1068 1050; x_wconf 85' lang='lat' dir='ltr'>est</span> 
     </span>
     <span class='ocr_line' id='line_1_10' title="bbox 190 1072 871 1153; baseline -0.001 -18"><span class='ocrx_word' id='word_1_64' title='bbox 190 1075 306 1147; x_wconf 91' lang='lat' dir='ltr'>robore,</span> <span class='ocrx_word' id='word_1_65' title='bbox 329 1073 468 1153; x_wconf 79' lang='lat' dir='ltr'>praedicti</span> <span class='ocrx_word' id='word_1_66' title='bbox 490 1073 590 1135; x_wconf 87' lang='lat' dir='ltr'>venies</span> <span class='ocrx_word' id='word_1_67' title='bbox 611 1073 642 1134; x_wconf 93' lang='lat' dir='ltr'>in</span> <span class='ocrx_word' id='word_1_68' title='bbox 664 1091 734 1133; x_wconf 90' lang='lat' dir='ltr'>rura</span> <span class='ocrx_word' id='word_1_69' title='bbox 755 1072 871 1134; x_wconf 87' lang='lat' dir='ltr'>laboris.</span> 
     </span>
     <span class='ocr_line' id='line_1_11' title="bbox 192 1156 980 1238; baseline -0.003 -18"><span class='ocrx_word' id='word_1_70' title='bbox 192 1160 257 1238; x_wconf 90' lang='lat' dir='ltr'>ipse</span> <span class='ocrx_word' id='word_1_71' title='bbox 279 1159 410 1220; x_wconf 89' lang='lat' dir='ltr'>incertus</span> <span class='ocrx_word' id='word_1_72' title='bbox 432 1159 537 1233; x_wconf 91' lang='lat' dir='ltr'>adhuc,</span> <span class='ocrx_word' id='word_1_73' title='bbox 561 1157 691 1219; x_wconf 90' lang='lat' dir='ltr'>tenebris</span> <span class='ocrx_word' id='word_1_74' title='bbox 713 1165 742 1217; x_wconf 87' lang='lat' dir='ltr'>te</span> <span class='ocrx_word' id='word_1_75' title='bbox 764 1158 901 1237; x_wconf 90' lang='lat' dir='ltr'>protinus</span> <span class='ocrx_word' id='word_1_76' title='bbox 923 1156 980 1218; x_wconf 92' lang='lat' dir='ltr'>illis</span> 
     </span>
     <span class='ocr_line' id='line_1_12' title="bbox 191 1242 930 1322; baseline -0.003 -18"><span class='ocrx_word' id='word_1_77' title='bbox 191 1243 298 1304; x_wconf 83' lang='lat' dir='ltr'>involvi</span> <span class='ocrx_word' id='word_1_78' title='bbox 318 1242 503 1322; x_wconf 85' lang='lat' dir='ltr'>flammisque</span> <span class='ocrx_word' id='word_1_79' title='bbox 523 1242 619 1315; x_wconf 82' lang='lat' dir='ltr'>velim,</span> <span class='ocrx_word' id='word_1_80' title='bbox 643 1243 749 1303; x_wconf 90' lang='lat' dir='ltr'>durare</span> <span class='ocrx_word' id='word_1_81' title='bbox 770 1259 930 1321; x_wconf 82' lang='lat' dir='ltr'>parumper</span> 
     </span>
    </p>

    <p class='ocr_par' dir='ltr' id='par_1_3' title="bbox 109 1325 945 1575">
     <span class='ocr_line' id='line_1_13' title="bbox 109 1325 945 1408; baseline -0.005 -18"><span class='ocrx_word' id='word_1_82' title='bbox 109 1393 119 1408; x_wconf 63' lang='lat'>‚</span> <span class='ocrx_word' id='word_1_83' title='bbox 191 1347 228 1390; x_wconf 89' lang='lat' dir='ltr'>an</span> <span class='ocrx_word' id='word_1_84' title='bbox 250 1328 353 1407; x_wconf 79' lang='lat' dir='ltr'>magis,</span> <span class='ocrx_word' id='word_1_85' title='bbox 376 1345 477 1389; x_wconf 88' lang='lat' dir='ltr'>everso</span> <span class='ocrx_word' id='word_1_86' title='bbox 499 1326 586 1388; x_wconf 90' lang='lat' dir='ltr'>iacias</span> <span class='ocrx_word' id='word_1_87' title='bbox 608 1327 677 1388; x_wconf 90' lang='lat' dir='ltr'>dum</span> <span class='ocrx_word' id='word_1_88' title='bbox 698 1325 811 1387; x_wconf 89' lang='lat' dir='ltr'>semina</span> <span class='ocrx_word' id='word_1_89' title='bbox 832 1343 945 1404; x_wconf 88' lang='lat' dir='ltr'>campo,</span> 
     </span>
     <span class='ocr_line' id='line_1_14' title="bbox 191 1410 897 1490; baseline -0.004 -17"><span class='ocrx_word' id='word_1_90' title='bbox 191 1432 225 1474; x_wconf 90' lang='lat' dir='ltr'>ac</span> <span class='ocrx_word' id='word_1_91' title='bbox 246 1413 300 1474; x_wconf 93' lang='lat' dir='ltr'>tibi</span> <span class='ocrx_word' id='word_1_92' title='bbox 323 1411 439 1474; x_wconf 79' lang='lat' dir='ltr'>Cadmei</span> <span class='ocrx_word' id='word_1_93' title='bbox 460 1413 530 1473; x_wconf 94' lang='lat' dir='ltr'>dum</span> <span class='ocrx_word' id='word_1_94' title='bbox 552 1411 689 1474; x_wconf 87' lang='lat' dir='ltr'>dentibus</span> <span class='ocrx_word' id='word_1_95' title='bbox 711 1419 792 1472; x_wconf 81' lang='lat' dir='ltr'>exeat</span> <span class='ocrx_word' id='word_1_96' title='bbox 813 1410 897 1490; x_wconf 84' lang='lat' dir='ltr'>hydri</span> 
     </span>
     <span class='ocr_line' id='line_1_15' title="bbox 191 1489 896 1575; baseline -0.007 -15"><span class='ocrx_word' id='word_1_97' title='bbox 191 1497 276 1560; x_wconf 91' lang='lat' dir='ltr'>miles</span> <span class='ocrx_word' id='word_1_98' title='bbox 299 1505 328 1558; x_wconf 86' lang='lat' dir='ltr'>et</span> <span class='ocrx_word' id='word_1_99' title='bbox 348 1505 457 1559; x_wconf 87' lang='lat' dir='ltr'>armata</span> <span class='ocrx_word' id='word_1_100' title='bbox 479 1498 636 1558; x_wconf 87' lang='lat' dir='ltr'>florescant</span> <span class='ocrx_word' id='word_1_101' title='bbox 657 1496 736 1575; x_wconf 88' lang='lat' dir='ltr'>pube</span> <span class='ocrx_word' id='word_1_102' title='bbox 759 1489 896 1556; x_wconf 66' lang='lat' dir='ltr'>novales?</span> 
     </span>
    </p>

    <p class='ocr_par' dir='ltr' id='par_1_4' title="bbox 190 1579 1136 2506">
     <span class='ocr_line' id='line_1_16' title="bbox 234 1579 1027 1661; baseline -0.003 -19"><span class='ocrx_word' id='word_1_103' title='bbox 234 1581 307 1643; x_wconf 88' lang='lat' dir='ltr'>Filia</span> <span class='ocrx_word' id='word_1_104' title='bbox 328 1582 422 1661; x_wconf 88' lang='lat' dir='ltr'>prima</span> <span class='ocrx_word' id='word_1_105' title='bbox 443 1580 534 1642; x_wconf 89' lang='lat' dir='ltr'>trucis</span> <span class='ocrx_word' id='word_1_106' title='bbox 555 1599 657 1642; x_wconf 83' lang='lat' dir='ltr'>vocem</span> <span class='ocrx_word' id='word_1_107' title='bbox 678 1581 781 1642; x_wconf 90' lang='lat' dir='ltr'>mirata</span> <span class='ocrx_word' id='word_1_108' title='bbox 802 1579 919 1659; x_wconf 83' lang='lat' dir='ltr'>tyranni</span> <span class='ocrx_word' id='word_1_109' title='bbox 1024 1600 1027 1606; x_wconf 91' lang='lat'>·</span> 
     </span>
     <span class='ocr_line' id='line_1_17' title="bbox 193 1664 918 1744; baseline -0.006 -16"><span class='ocrx_word' id='word_1_110' title='bbox 193 1667 286 1728; x_wconf 90' lang='lat' dir='ltr'>haesit</span> <span class='ocrx_word' id='word_1_111' title='bbox 307 1667 394 1728; x_wconf 87' lang='lat' dir='ltr'>etad</span> <span class='ocrx_word' id='word_1_112' title='bbox 416 1666 551 1727; x_wconf 88' lang='lat' dir='ltr'>iuvenem</span> <span class='ocrx_word' id='word_1_113' title='bbox 573 1665 711 1744; x_wconf 89' lang='lat' dir='ltr'>pallentia</span> <span class='ocrx_word' id='word_1_114' title='bbox 733 1664 847 1726; x_wconf 92' lang='lat' dir='ltr'>rettulit</span> <span class='ocrx_word' id='word_1_115' title='bbox 867 1682 918 1724; x_wconf 90' lang='lat' dir='ltr'>ora</span> 
     </span>
     <span class='ocr_line' id='line_1_18' title="bbox 192 1748 999 1829; baseline -0.007 -16"><span class='ocrx_word' id='word_1_116' title='bbox 192 1751 428 1829; x_wconf 88' lang='lat' dir='ltr'>contremuitque</span> <span class='ocrx_word' id='word_1_117' title='bbox 449 1757 540 1822; x_wconf 86' lang='lat' dir='ltr'>metu,</span> <span class='ocrx_word' id='word_1_118' title='bbox 563 1768 601 1810; x_wconf 94' lang='lat' dir='ltr'>ne</span> <span class='ocrx_word' id='word_1_119' title='bbox 624 1749 742 1810; x_wconf 91' lang='lat' dir='ltr'>nescius</span> <span class='ocrx_word' id='word_1_120' title='bbox 764 1749 870 1809; x_wconf 90' lang='lat' dir='ltr'>audeat</span> <span class='ocrx_word' id='word_1_121' title='bbox 889 1748 999 1826; x_wconf 89' lang='lat' dir='ltr'>hospes</span> 
     </span>
     <span class='ocr_line' id='line_1_19' title="bbox 191 1831 1056 1915; baseline -0.007 -17"><span class='ocrx_word' id='word_1_122' title='bbox 191 1855 283 1915; x_wconf 87' lang='lat' dir='ltr'>seque</span> <span class='ocrx_word' id='word_1_123' title='bbox 304 1836 395 1897; x_wconf 90' lang='lat' dir='ltr'>miser</span> <span class='ocrx_word' id='word_1_124' title='bbox 416 1853 454 1896; x_wconf 92' lang='lat' dir='ltr'>ne</span> <span class='ocrx_word' id='word_1_125' title='bbox 471 1852 559 1914; x_wconf 90' lang='lat' dir='ltr'>posse</span> <span class='ocrx_word' id='word_1_126' title='bbox 580 1841 673 1913; x_wconf 92' lang='lat' dir='ltr'>putet.</span> <span class='ocrx_word' id='word_1_127' title='bbox 716 1832 928 1912; x_wconf 82' lang='lat' dir='ltr'>perstrinxerat</span> <span class='ocrx_word' id='word_1_128' title='bbox 949 1831 1056 1892; x_wconf 91' lang='lat' dir='ltr'>horror</span> 
     </span>
     <span class='ocr_line' id='line_1_20' title="bbox 191 1916 953 2001; baseline -0.008 -19"><span class='ocrx_word' id='word_1_129' title='bbox 191 1921 289 2001; x_wconf 91' lang='lat' dir='ltr'>ipsum</span> <span class='ocrx_word' id='word_1_130' title='bbox 311 1921 398 1982; x_wconf 86' lang='lat' dir='ltr'>etiam</span> <span class='ocrx_word' id='word_1_131' title='bbox 421 1927 449 1981; x_wconf 91' lang='lat' dir='ltr'>et</span> <span class='ocrx_word' id='word_1_132' title='bbox 469 1925 578 1980; x_wconf 84' lang='lat' dir='ltr'>maesta</span> <span class='ocrx_word' id='word_1_133' title='bbox 600 1917 693 1979; x_wconf 86' lang='lat' dir='ltr'>stabat</span> <span class='ocrx_word' id='word_1_134' title='bbox 715 1918 826 1980; x_wconf 84' lang='lat' dir='ltr'>defixus</span> <span class='ocrx_word' id='word_1_135' title='bbox 848 1916 879 1976; x_wconf 89' lang='lat' dir='ltr'>in</span> <span class='ocrx_word' id='word_1_136' title='bbox 902 1917 953 1976; x_wconf 89' lang='lat' dir='ltr'>ira.</span> 
     </span>
     <span class='ocr_line' id='line_1_21' title="bbox 192 1999 982 2086; baseline -0.009 -19"><span class='ocrx_word' id='word_1_137' title='bbox 192 2025 252 2066; x_wconf 91' lang='lat' dir='ltr'>non</span> <span class='ocrx_word' id='word_1_138' title='bbox 275 2006 315 2067; x_wconf 89' lang='lat' dir='ltr'>ita</span> <span class='ocrx_word' id='word_1_139' title='bbox 337 2005 509 2086; x_wconf 85' lang='lat' dir='ltr'>Tyrrhenus</span> <span class='ocrx_word' id='word_1_140' title='bbox 531 2011 630 2083; x_wconf 92' lang='lat' dir='ltr'>stupet</span> <span class='ocrx_word' id='word_1_141' title='bbox 651 2002 813 2082; x_wconf 89' lang='lat' dir='ltr'>loniusque</span> <span class='ocrx_word' id='word_1_142' title='bbox 834 1999 982 2080; x_wconf 84' lang='lat' dir='ltr'>magister,</span> 
     </span>
     <span class='ocr_line' id='line_1_22' title="bbox 192 2089 983 2169; baseline -0.008 -18"><span class='ocrx_word' id='word_1_143' title='bbox 192 2091 243 2169; x_wconf 89' lang='lat' dir='ltr'>qni</span> <span class='ocrx_word' id='word_1_144' title='bbox 265 2090 322 2152; x_wconf 87' lang='lat' dir='ltr'>iarn</span> <span class='ocrx_word' id='word_1_145' title='bbox 343 2098 381 2166; x_wconf 87' lang='lat' dir='ltr'>te,</span> <span class='ocrx_word' id='word_1_146' title='bbox 404 2089 553 2165; x_wconf 84' lang='lat' dir='ltr'>Tiberine,</span> <span class='ocrx_word' id='word_1_147' title='bbox 575 2097 662 2150; x_wconf 90' lang='lat' dir='ltr'>tuens</span> <span class='ocrx_word' id='word_1_148' title='bbox 685 2089 857 2165; x_wconf 87' lang='lat' dir='ltr'>clarumque</span> <span class='ocrx_word' id='word_1_149' title='bbox 879 2102 983 2146; x_wconf 91' lang='lat' dir='ltr'>serena</span> 
     </span>
     <span class='ocr_line' id='line_1_23' title="bbox 191 2170 1136 2254; baseline -0.004 -18"><span class='ocrx_word' id='word_1_150' title='bbox 191 2193 258 2236; x_wconf 91' lang='lat' dir='ltr'>arce</span> <span class='ocrx_word' id='word_1_151' title='bbox 279 2175 404 2254; x_wconf 90' lang='lat' dir='ltr'>pharon,</span> <span class='ocrx_word' id='word_1_152' title='bbox 427 2192 568 2252; x_wconf 89' lang='lat' dir='ltr'>praeceps</span> <span class='ocrx_word' id='word_1_153' title='bbox 590 2181 692 2252; x_wconf 91' lang='lat' dir='ltr'>raptus</span> <span class='ocrx_word' id='word_1_154' title='bbox 715 2190 861 2250; x_wconf 86' lang='lat' dir='ltr'>nusquam</span> <span class='ocrx_word' id='word_1_155' title='bbox 883 2170 966 2244; x_wconf 89' lang='lat' dir='ltr'>ostia,</span> <span class='ocrx_word' id='word_1_156' title='bbox 989 2188 1136 2249; x_wconf 88' lang='lat' dir='ltr'>nusquam</span> 
     </span>
     <span class='ocr_line' id='line_1_24' title="bbox 191 2256 923 2334; baseline -0.008 -14"><span class='ocrx_word' id='word_1_157' title='bbox 191 2259 352 2320; x_wconf 77' lang='lat' dir='ltr'>Ausoniam</span> <span class='ocrx_word' id='word_1_158' title='bbox 374 2257 459 2329; x_wconf 84' lang='lat' dir='ltr'>videt,</span> <span class='ocrx_word' id='word_1_159' title='bbox 482 2266 511 2318; x_wconf 89' lang='lat' dir='ltr'>at</span> <span class='ocrx_word' id='word_1_160' title='bbox 533 2274 630 2318; x_wconf 89' lang='lat' dir='ltr'>saevas</span> <span class='ocrx_word' id='word_1_161' title='bbox 652 2257 791 2317; x_wconf 85' lang='lat' dir='ltr'>accedere</span> <span class='ocrx_word' id='word_1_162' title='bbox 814 2256 923 2334; x_wconf 80' lang='lat' dir='ltr'>Syrtes.</span> 
     </span>
     <span class='ocr_line' id='line_1_25' title="bbox 190 2340 1015 2420; baseline -0.006 -17"><span class='ocrx_word' id='word_1_163' title='bbox 190 2351 255 2403; x_wconf 89' lang='lat' dir='ltr'>turn</span> <span class='ocrx_word' id='word_1_164' title='bbox 277 2349 383 2416; x_wconf 89' lang='lat' dir='ltr'>tamen,</span> <span class='ocrx_word' id='word_1_165' title='bbox 407 2340 526 2401; x_wconf 84' lang='lat' dir='ltr'>infando</span> <span class='ocrx_word' id='word_1_166' title='bbox 549 2359 624 2418; x_wconf 92' lang='lat' dir='ltr'>quae</span> <span class='ocrx_word' id='word_1_167' title='bbox 646 2341 695 2400; x_wconf 88' lang='lat' dir='ltr'>det</span> <span class='ocrx_word' id='word_1_168' title='bbox 716 2358 858 2420; x_wconf 90' lang='lat' dir='ltr'>responsa</span> <span class='ocrx_word' id='word_1_169' title='bbox 879 2348 1015 2418; x_wconf 87' lang='lat' dir='ltr'>tyranno,</span> 
     </span>
     <span class='ocr_line' id='line_1_26' title="bbox 192 2424 941 2506; baseline -0.005 -19"><span class='ocrx_word' id='word_1_170' title='bbox 192 2426 304 2506; x_wconf 77' lang='lat' dir='ltr'>colligit</span> <span class='ocrx_word' id='word_1_171' title='bbox 326 2434 355 2487; x_wconf 88' lang='lat' dir='ltr'>ct</span> <span class='ocrx_word' id='word_1_172' title='bbox 376 2425 494 2487; x_wconf 87' lang='lat' dir='ltr'>tandem</span> <span class='ocrx_word' id='word_1_173' title='bbox 516 2424 620 2486; x_wconf 87' lang='lat' dir='ltr'>obtutu</span> <span class='ocrx_word' id='word_1_174' title='bbox 642 2424 796 2504; x_wconf 80' lang='lat' dir='ltr'>consurgit</span> <span class='ocrx_word' id='word_1_175' title='bbox 816 2424 852 2484; x_wconf 90' lang='lat' dir='ltr'>ab</span> <span class='ocrx_word' id='word_1_176' title='bbox 874 2424 941 2484; x_wconf 91' lang='lat' dir='ltr'>alto.</span> 
     </span>
    </p>

    <p class='ocr_par' dir='ltr' id='par_1_5' title="bbox 188 2503 1004 2585">
     <span class='ocr_line' id='line_1_27' title="bbox 188 2503 1004 2585; baseline -0.005 -13"><span class='ocrx_word' id='word_1_177' title='bbox 188 2505 272 2572; x_wconf 84' lang='lat' dir='ltr'>‘non&#39;</span> <span class='ocrx_word' id='word_1_178' title='bbox 296 2510 336 2571; x_wconf 91' lang='lat' dir='ltr'>ait</span> <span class='ocrx_word' id='word_1_179' title='bbox 354 2503 422 2571; x_wconf 91' lang='lat' dir='ltr'>‘hos</span> <span class='ocrx_word' id='word_1_180' title='bbox 443 2510 564 2584; x_wconf 91' lang='lat' dir='ltr'>reditus,</span> <span class='ocrx_word' id='word_1_181' title='bbox 586 2528 648 2571; x_wconf 91' lang='lat' dir='ltr'>non</span> <span class='ocrx_word' id='word_1_182' title='bbox 669 2511 756 2585; x_wconf 92' lang='lat' dir='ltr'>hanc,</span> <span class='ocrx_word' id='word_1_183' title='bbox 780 2511 877 2584; x_wconf 77' lang='lat' dir='ltr'>Aeeta,</span> <span class='ocrx_word' id='word_1_184' title='bbox 900 2506 1004 2570; x_wconf 90' lang='lat' dir='ltr'>dedisti</span> 
     </span>
    </p>

    <p class='ocr_par' dir='ltr' id='par_1_6' title="bbox 191 2593 1140 3096">
     <span class='ocr_line' id='line_1_28' title="bbox 192 2593 1060 2676; baseline -0.006 -18"><span class='ocrx_word' id='word_1_185' title='bbox 192 2615 275 2676; x_wconf 87' lang='lat' dir='ltr'>spem</span> <span class='ocrx_word' id='word_1_186' title='bbox 297 2595 413 2676; x_wconf 85' lang='lat' dir='ltr'>Minyis,</span> <span class='ocrx_word' id='word_1_187' title='bbox 436 2613 503 2656; x_wconf 91' lang='lat' dir='ltr'>cnm</span> <span class='ocrx_word' id='word_1_188' title='bbox 526 2595 620 2675; x_wconf 89' lang='lat' dir='ltr'>prima</span> <span class='ocrx_word' id='word_1_189' title='bbox 642 2595 701 2656; x_wconf 89' lang='lat' dir='ltr'>tuis</span> <span class='ocrx_word' id='word_1_190' title='bbox 723 2612 779 2674; x_wconf 93' lang='lat' dir='ltr'>pro</span> <span class='ocrx_word' id='word_1_191' title='bbox 801 2593 957 2656; x_wconf 91' lang='lat' dir='ltr'>moenibus</span> <span class='ocrx_word' id='word_1_192' title='bbox 979 2610 1060 2653; x_wconf 87' lang='lat' dir='ltr'>arma</span> 
     </span>
     <span class='ocr_line' id='line_1_29' title="bbox 192 2677 1131 2759; baseline -0.006 -17"><span class='ocrx_word' id='word_1_193' title='bbox 192 2680 352 2742; x_wconf 88' lang='lat' dir='ltr'>induimus.</span> <span class='ocrx_word' id='word_1_194' title='bbox 396 2699 455 2759; x_wconf 94' lang='lat' dir='ltr'>quo</span> <span class='ocrx_word' id='word_1_195' title='bbox 477 2699 559 2742; x_wconf 88' lang='lat' dir='ltr'>versa</span> <span class='ocrx_word' id='word_1_196' title='bbox 581 2679 675 2741; x_wconf 79' lang='lat' dir='ltr'>fides?</span> <span class='ocrx_word' id='word_1_197' title='bbox 698 2697 774 2758; x_wconf 91' lang='lat' dir='ltr'>quos</span> <span class='ocrx_word' id='word_1_198' title='bbox 796 2685 890 2740; x_wconf 87' lang='lat' dir='ltr'>vestra</span> <span class='ocrx_word' id='word_1_199' title='bbox 911 2677 1044 2738; x_wconf 89' lang='lat' dir='ltr'>volutant</span> <span class='ocrx_word' id='word_1_200' title='bbox 1129 2749 1131 2752; x_wconf 16' lang='grc' dir='ltr'>Ι</span> 
     </span>
     <span class='ocr_line' id='line_1_30' title="bbox 191 2762 1135 2839; baseline -0.007 -13"><span class='ocrx_word' id='word_1_201' title='bbox 191 2766 271 2826; x_wconf 91' lang='lat' dir='ltr'>iussa</span> <span class='ocrx_word' id='word_1_202' title='bbox 293 2764 399 2826; x_wconf 78' lang='lat' dir='ltr'>dolos?</span> <span class='ocrx_word' id='word_1_203' title='bbox 421 2764 511 2825; x_wconf 89' lang='lat' dir='ltr'>alium</span> <span class='ocrx_word' id='word_1_204' title='bbox 532 2764 581 2824; x_wconf 91' lang='lat' dir='ltr'>bic</span> <span class='ocrx_word' id='word_1_205' title='bbox 601 2763 713 2836; x_wconf 86' lang='lat' dir='ltr'>Pelian,</span> <span class='ocrx_word' id='word_1_206' title='bbox 735 2762 791 2822; x_wconf 89' lang='lat' dir='ltr'>alia</span> <span class='ocrx_word' id='word_1_207' title='bbox 812 2779 940 2839; x_wconf 91' lang='lat' dir='ltr'>aequora</span> <span class='ocrx_word' id='word_1_208' title='bbox 962 2778 1061 2822; x_wconf 84' lang='lat' dir='ltr'>cerno.</span> <span class='ocrx_word' id='word_1_209' title='bbox 1132 2831 1135 2838; x_wconf 88' lang='lat'><em>.</em></span> 
     </span>
     <span class='ocr_line' id='line_1_31' title="bbox 193 2843 1140 2930; baseline -0.007 -20"><span class='ocrx_word' id='word_1_210' title='bbox 193 2850 264 2930; x_wconf 91' lang='lat' dir='ltr'>quin</span> <span class='ocrx_word' id='word_1_211' title='bbox 287 2849 364 2929; x_wconf 81' lang='lat' dir='ltr'>agite</span> <span class='ocrx_word' id='word_1_212' title='bbox 385 2849 444 2909; x_wconf 92' lang='lat' dir='ltr'>hoc</span> <span class='ocrx_word' id='word_1_213' title='bbox 466 2865 568 2909; x_wconf 88' lang='lat' dir='ltr'>omnes</span> <span class='ocrx_word' id='word_1_214' title='bbox 591 2847 725 2925; x_wconf 90' lang='lat' dir='ltr'>odiisque</span> <span class='ocrx_word' id='word_1_215' title='bbox 748 2853 872 2924; x_wconf 83' lang='lat' dir='ltr'>urguete</span> <span class='ocrx_word' id='word_1_216' title='bbox 893 2843 1012 2922; x_wconf 89' lang='lat' dir='ltr'>tyranni</span> <span class='ocrx_word' id='word_1_217' title='bbox 1118 2847 1140 2906; x_wconf 65' lang='lat' dir='ltr'>f&#39;</span> 
     </span>
     <span class='ocr_line' id='line_1_32' title="bbox 193 2930 1095 3015; baseline -0.008 -19"><span class='ocrx_word' id='word_1_218' title='bbox 193 2934 384 3015; x_wconf 89' lang='lat' dir='ltr'>imperiisque</span> <span class='ocrx_word' id='word_1_219' title='bbox 405 2941 510 3011; x_wconf 91' lang='lat' dir='ltr'>caput;</span> <span class='ocrx_word' id='word_1_220' title='bbox 533 2949 694 3010; x_wconf 88' lang='lat' dir='ltr'>numquam</span> <span class='ocrx_word' id='word_1_221' title='bbox 715 2930 788 2991; x_wconf 91' lang='lat' dir='ltr'>mihi</span> <span class='ocrx_word' id='word_1_222' title='bbox 810 2930 927 2991; x_wconf 81' lang='lat' dir='ltr'>deutera</span> <span class='ocrx_word' id='word_1_223' title='bbox 949 2946 1005 2990; x_wconf 91' lang='lat' dir='ltr'>nec</span> <span class='ocrx_word' id='word_1_224' title='bbox 1027 2946 1095 3008; x_wconf 90' lang='lat' dir='ltr'>spes</span> 
     </span>
     <span class='ocr_line' id='line_1_33' title="bbox 192 3013 919 3096; baseline -0.008 -16"><span class='ocrx_word' id='word_1_225' title='bbox 192 3019 331 3092; x_wconf 61' lang='lat' dir='ltr'>defuerim</span> <span class='ocrx_word' id='word_1_226' title='bbox 354 3036 418 3080; x_wconf 91' lang='lat' dir='ltr'>mos</span> <span class='ocrx_word' id='word_1_227' title='bbox 440 3017 519 3078; x_wconf 89' lang='lat' dir='ltr'>iussa</span> <span class='ocrx_word' id='word_1_228' title='bbox 541 3016 602 3096; x_wconf 92' lang='lat' dir='ltr'>pati</span> <span class='ocrx_word' id='word_1_229' title='bbox 623 3034 679 3077; x_wconf 92' lang='lat' dir='ltr'>nec</span> <span class='ocrx_word' id='word_1_230' title='bbox 701 3015 805 3076; x_wconf 86' lang='lat' dir='ltr'>cedere</span> <span class='ocrx_word' id='word_1_231' title='bbox 827 3013 919 3075; x_wconf 84' lang='lat' dir='ltr'>duris.</span> 
     </span>
    </p>

    <p class='ocr_par' dir='ltr' id='par_1_7' title="bbox 191 3098 1026 3265">
     <span class='ocr_line' id='line_1_34' title="bbox 191 3098 1026 3180; baseline -0.006 -16"><span class='ocrx_word' id='word_1_232' title='bbox 191 3121 285 3164; x_wconf 92' lang='lat' dir='ltr'>unum</span> <span class='ocrx_word' id='word_1_233' title='bbox 307 3121 370 3177; x_wconf 94' lang='lat' dir='ltr'>oro,</span> <span class='ocrx_word' id='word_1_234' title='bbox 393 3120 446 3164; x_wconf 91' lang='lat' dir='ltr'>seu</span> <span class='ocrx_word' id='word_1_235' title='bbox 467 3120 515 3162; x_wconf 91' lang='lat' dir='ltr'>me</span> <span class='ocrx_word' id='word_1_236' title='bbox 536 3100 585 3163; x_wconf 88' lang='lat' dir='ltr'>illa</span> <span class='ocrx_word' id='word_1_237' title='bbox 607 3100 671 3161; x_wconf 90' lang='lat' dir='ltr'>suis</span> <span class='ocrx_word' id='word_1_238' title='bbox 691 3119 775 3180; x_wconf 82' lang='lat' dir='ltr'>seges</span> <span class='ocrx_word' id='word_1_239' title='bbox 798 3098 904 3160; x_wconf 92' lang='lat' dir='ltr'>obruet</span> <span class='ocrx_word' id='word_1_240' title='bbox 924 3098 1026 3173; x_wconf 89' lang='lat' dir='ltr'>hastis,</span> 
     </span>
     <span class='ocr_line' id='line_1_35' title="bbox 191 3184 904 3265; baseline -0.007 -16"><span class='ocrx_word' id='word_1_241' title='bbox 191 3188 306 3250; x_wconf 89' lang='lat' dir='ltr'>hauriet</span> <span class='ocrx_word' id='word_1_242' title='bbox 327 3187 447 3248; x_wconf 90' lang='lat' dir='ltr'>adverso</span> <span class='ocrx_word' id='word_1_243' title='bbox 470 3204 522 3247; x_wconf 91' lang='lat' dir='ltr'>seu</span> <span class='ocrx_word' id='word_1_244' title='bbox 546 3184 691 3248; x_wconf 86' lang='lat' dir='ltr'>crastinus</span> <span class='ocrx_word' id='word_1_245' title='bbox 713 3185 791 3265; x_wconf 85' lang='lat' dir='ltr'>ignis</span> <span class='ocrx_word' id='word_1_246' title='bbox 813 3185 904 3258; x_wconf 87' lang='lat' dir='ltr'>hiatu,</span> 
     </span>
    </p>

    <p class='ocr_par' dir='ltr' id='par_1_8' title="bbox 192 3269 975 3343">
     <span class='ocr_line' id='line_1_36' title="bbox 192 3269 975 3343; baseline -0.008 -8"><span class='ocrx_word' id='word_1_247' title='bbox 192 3272 315 3334; x_wconf 90' lang='lat' dir='ltr'>nuntius</span> <span class='ocrx_word' id='word_1_248' title='bbox 337 3271 407 3332; x_wconf 92' lang='lat' dir='ltr'>hinc</span> <span class='ocrx_word' id='word_1_249' title='bbox 429 3290 527 3332; x_wconf 85' lang='lat' dir='ltr'>saevas</span> <span class='ocrx_word' id='word_1_250' title='bbox 548 3269 645 3332; x_wconf 87' lang='lat' dir='ltr'>Peliae</span> <span class='ocrx_word' id='word_1_251' title='bbox 666 3271 798 3332; x_wconf 89' lang='lat' dir='ltr'>mittatur</span> <span class='ocrx_word' id='word_1_252' title='bbox 819 3269 855 3330; x_wconf 87' lang='lat' dir='ltr'>ad</span> <span class='ocrx_word' id='word_1_253' title='bbox 879 3286 975 3343; x_wconf 90' lang='lat' dir='ltr'>aures,</span> 
     </span>
    </p>

    <p class='ocr_par' dir='ltr' id='par_1_9' title="bbox 191 3353 912 3438">
     <span class='ocr_line' id='line_1_37' title="bbox 191 3353 912 3438; baseline -0.007 -20"><span class='ocrx_word' id='word_1_254' title='bbox 191 3357 239 3418; x_wconf 92' lang='lat' dir='ltr'>hic</span> <span class='ocrx_word' id='word_1_255' title='bbox 261 3356 384 3438; x_wconf 87' lang='lat' dir='ltr'>periisse</span> <span class='ocrx_word' id='word_1_256' title='bbox 405 3355 493 3431; x_wconf 85' lang='lat' dir='ltr'>viros,</span> <span class='ocrx_word' id='word_1_257' title='bbox 516 3364 545 3417; x_wconf 91' lang='lat' dir='ltr'>ct</span> <span class='ocrx_word' id='word_1_258' title='bbox 565 3374 622 3429; x_wconf 90' lang='lat' dir='ltr'>me,</span> <span class='ocrx_word' id='word_1_259' title='bbox 646 3355 671 3416; x_wconf 91' lang='lat' dir='ltr'>si</span> <span class='ocrx_word' id='word_1_260' title='bbox 692 3363 787 3416; x_wconf 85' lang='lat' dir='ltr'>vestra</span> <span class='ocrx_word' id='word_1_261' title='bbox 809 3353 912 3414; x_wconf 89' lang='lat' dir='ltr'>luisset</span> 
     </span>
    </p>

    <p class='ocr_par' dir='ltr' id='par_1_10' title="bbox 192 3437 936 3519">
     <span class='ocr_line' id='line_1_38' title="bbox 192 3437 936 3519; baseline -0.005 -18"><span class='ocrx_word' id='word_1_262' title='bbox 192 3442 251 3502; x_wconf 90' lang='lat' dir='ltr'>nlla</span> <span class='ocrx_word' id='word_1_263' title='bbox 272 3442 355 3516; x_wconf 85' lang='lat' dir='ltr'>fides,</span> <span class='ocrx_word' id='word_1_264' title='bbox 377 3441 517 3502; x_wconf 88' lang='lat' dir='ltr'>reducem</span> <span class='ocrx_word' id='word_1_265' title='bbox 537 3440 647 3519; x_wconf 85' lang='lat' dir='ltr'>patriae</span> <span class='ocrx_word' id='word_1_266' title='bbox 669 3439 801 3519; x_wconf 90' lang='lat' dir='ltr'>potuisse</span> <span class='ocrx_word' id='word_1_267' title='bbox 822 3437 936 3498; x_wconf 84' lang='lat' dir='ltr'>referri.</span> 
     </span>
    </p>
   </div>
   <div class='ocr_carea' id='block_1_3' title="bbox 105 3557 412 3572">
    <p class='ocr_par' dir='ltr' id='par_1_11' title="bbox 105 3557 412 3572">
     <span class='ocr_line' id='line_1_39' title="bbox 105 3557 412 3572; baseline -0.007 -4"><span class='ocrx_word' id='word_1_268' title='bbox 105 3557 412 3572; x_wconf 71' lang='lat'>-.-......—-</span> 
     </span>
    </p>
   </div>
   <div class='ocr_carea' id='block_1_4' title="bbox 105 3602 1180 3934">
    <p class='ocr_par' dir='ltr' id='par_1_12' title="bbox 105 3602 1180 3934">
     <span class='ocr_line' id='line_1_40' title="bbox 175 3602 1177 3672; baseline -0.006 -13"><span class='ocrx_word' id='word_1_269' title='bbox 175 3613 214 3662; x_wconf 81' lang='lat'>76.</span> <span class='ocrx_word' id='word_1_270' title='bbox 233 3608 336 3661; x_wconf 90' lang='lat' dir='ltr'>seminis</span> <span class='ocrx_word' id='word_1_271' title='bbox 353 3623 387 3672; x_wconf 86' lang='lat' dir='ltr'>n,</span> <span class='ocrx_word' id='word_1_272' title='bbox 405 3605 523 3665; x_wconf 87' lang='lat' dir='ltr'>dentibus</span> <span class='ocrx_word' id='word_1_273' title='bbox 540 3605 587 3658; x_wconf 83' lang='lat' dir='ltr'>lle.</span> <span class='ocrx_word' id='word_1_274' title='bbox 656 3608 697 3657; x_wconf 80' lang='lat'>85.</span> <span class='ocrx_word' id='word_1_275' title='bbox 715 3605 799 3657; x_wconf 90' lang='lat' dir='ltr'>subito</span> <span class='ocrx_word' id='word_1_276' title='bbox 817 3617 941 3670; x_wconf 85' lang='lat' dir='ltr'>nusquam</span> <span class='ocrx_word' id='word_1_277' title='bbox 959 3603 991 3668; x_wconf 87' lang='lat' dir='ltr'>V,</span> <span class='ocrx_word' id='word_1_278' title='bbox 1010 3602 1078 3655; x_wconf 89' lang='lat' dir='ltr'>subit</span> <span class='ocrx_word' id='word_1_279' title='bbox 1095 3602 1177 3653; x_wconf 90' lang='lat' dir='ltr'>honus</span> 
     </span>
     <span class='ocr_line' id='line_1_41' title="bbox 106 3669 1180 3746; baseline -0.009 -17"><span class='ocrx_word' id='word_1_280' title='bbox 106 3693 183 3746; x_wconf 78' lang='lat' dir='ltr'>qpanr</span> <span class='ocrx_word' id='word_1_281' title='bbox 201 3676 242 3739; x_wconf 85' lang='grc' dir='ltr'>Μ,</span> <span class='ocrx_word' id='word_1_282' title='bbox 268 3675 345 3728; x_wconf 89' lang='lat' dir='ltr'>subiit</span> <span class='ocrx_word' id='word_1_283' title='bbox 362 3688 487 3740; x_wconf 83' lang='lat' dir='ltr'>nusquam·</span> <span class='ocrx_word' id='word_1_284' title='bbox 506 3672 538 3734; x_wconf 79' lang='lat' dir='ltr'>C;</span> <span class='ocrx_word' id='word_1_285' title='bbox 556 3688 676 3740; x_wconf 88' lang='lat' dir='ltr'>praeceps</span> <span class='ocrx_word' id='word_1_286' title='bbox 700 3673 806 3738; x_wconf 89' lang='lat' dir='ltr'>rapitur;</span> <span class='ocrx_word' id='word_1_287' title='bbox 825 3687 948 3739; x_wconf 87' lang='lat' dir='ltr'>nusquam</span> <span class='ocrx_word' id='word_1_288' title='bbox 970 3669 1016 3722; x_wconf 82' lang='lat' dir='ltr'>Th.</span> <span class='ocrx_word' id='word_1_289' title='bbox 1041 3671 1099 3736; x_wconf 83' lang='lat' dir='ltr'>(qui</span> <span class='ocrx_word' id='word_1_290' title='bbox 1118 3674 1180 3735; x_wconf 79' lang='lat' dir='ltr'>poet</span> 
     </span>
     <span class='ocr_line' id='line_1_42' title="bbox 105 3738 1180 3809; baseline -0.008 -12"><span class='ocrx_word' id='word_1_291' title='bbox 105 3762 138 3798; x_wconf 77' lang='lat' dir='ltr'>aa</span> <span class='ocrx_word' id='word_1_292' title='bbox 153 3745 277 3796; x_wconf 83' lang='lat' dir='ltr'>lacunam</span> <span class='ocrx_word' id='word_1_293' title='bbox 294 3747 365 3794; x_wconf 77' lang='lat' dir='ltr'>inter</span> <span class='ocrx_word' id='word_1_294' title='bbox 382 3756 503 3809; x_wconf 88' lang='lat' dir='ltr'>praeceps</span> <span class='ocrx_word' id='word_1_295' title='bbox 520 3747 546 3791; x_wconf 82' lang='lat' dir='ltr'>et</span> <span class='ocrx_word' id='word_1_296' title='bbox 562 3741 645 3793; x_wconf 87' lang='lat' dir='ltr'>subito</span> <span class='ocrx_word' id='word_1_297' title='bbox 659 3743 772 3804; x_wconf 82' lang='lat' dir='ltr'>statuit),</span> <span class='ocrx_word' id='word_1_298' title='bbox 789 3754 910 3806; x_wconf 87' lang='lat' dir='ltr'>praeceps</span> <span class='ocrx_word' id='word_1_299' title='bbox 928 3741 1015 3804; x_wconf 86' lang='lat' dir='ltr'>raptus</span> <span class='ocrx_word' id='word_1_300' title='bbox 1025 3738 1180 3803; x_wconf 78' lang='lat' dir='ltr'>(conatast)</span> 
     </span>
     <span class='ocr_line' id='line_1_43' title="bbox 106 3807 1180 3934; baseline -0.006 -69"><span class='ocrx_word' id='word_1_301' title='bbox 106 3811 301 3934; x_wconf 48' lang='grc' dir='ltr'>ῧυεὲἵῖῧηέἕξ.</span> <span class='ocrx_word' id='word_1_302' title='bbox 320 3814 383 3876; x_wconf 78' lang='grc'><strong>(15).</strong></span> <span class='ocrx_word' id='word_1_303' title='bbox 453 3811 492 3862; x_wconf 74' lang='lat' dir='ltr'>ab.</span> <span class='ocrx_word' id='word_1_304' title='bbox 511 3813 537 3862; x_wconf 90' lang='lat' dir='ltr'>et</span> <span class='ocrx_word' id='word_1_305' title='bbox 553 3825 582 3874; x_wconf 81' lang='grc' dir='ltr'>π,</span> <span class='ocrx_word' id='word_1_306' title='bbox 601 3813 627 3860; x_wconf 88' lang='lat' dir='ltr'>at</span> <span class='ocrx_word' id='word_1_307' title='bbox 645 3807 697 3860; x_wconf 86' lang='lat' dir='ltr'>Ma.</span> <span class='ocrx_word' id='word_1_308' title='bbox 743 3811 809 3860; x_wconf 80' lang='lat' dir='ltr'>-9t.</span> <span class='ocrx_word' id='word_1_309' title='bbox 827 3819 979 3873; x_wconf 83' lang='lat' dir='ltr'>quamquam</span> <span class='ocrx_word' id='word_1_310' title='bbox 996 3821 1032 3870; x_wconf 80' lang='grc' dir='ltr'>π,</span> <span class='ocrx_word' id='word_1_311' title='bbox 1051 3819 1180 3872; x_wconf 83' lang='lat' dir='ltr'>nunquam</span> 
     </span>
    </p>
   </div>
   <div class='ocr_carea' id='block_1_5' title="bbox 134 3960 1028 4013">
    <p class='ocr_par' dir='ltr' id='par_1_13' title="bbox 134 3960 1028 4013">
     <span class='ocr_line' id='line_1_44' title="bbox 134 3960 1028 4013; baseline -0.006 -7"><span class='ocrx_word' id='word_1_312' title='bbox 134 3963 183 4006; x_wconf 75' lang='lat' dir='ltr'>vn.</span> <span class='ocrx_word' id='word_1_313' title='bbox 197 3964 292 4006; x_wconf 72' lang='lat' dir='ltr'>blacena.</span> <span class='ocrx_word' id='word_1_314' title='bbox 1012 3960 1028 4013; x_wconf 80' lang='grc'>9</span> 
     </span>
    </p>
   </div>
   <div class='ocr_carea' id='block_1_6' title="bbox 0 0 1395 4350">
    <p class='ocr_par' dir='ltr' id='par_1_14' title="bbox 0 0 1395 4350">
     <span class='ocr_line' id='line_1_45' title="bbox 0 0 1395 4350; baseline 0 0"><span class='ocrx_word' id='word_1_315' title='bbox 0 0 1395 4350; x_wconf 95' lang='lat' dir='ltr'> </span> 
     </span>
    </p>
   </div>
  </div>
 </body>
</html>
