2792 4340
590 173 617 229 (l.
634 171 751 224 vntum
767 170 880 226 annom

263 328 411 390 defuerint
432 327 537 389 tellure
559 345 638 401 003;
662 327 826 388 veneranda
847 326 892 384 f
880 324 956 384 turis

264 414 375 492 effigies
397 422 435 487 tc,
458 413 554 486 Phasi,
577 419 684 486 manet,
708 430 796 489 qnam
815 427 940 488 magnus
962 408 1097 514 Enipeus

264 506 294 560 et
314 506 398 577 pater
418 507 520 559 aurato
543 517 622 576 quan
623 503 671 557 tus
693 495 768 557 iacet
756 495 988 556 ttlnachus
938 488 1041 554 301300

265 582 384 658 dixerat,
408 583 503 679 adque
525 582 567 642 illi
590 582 657 642 dext
645 589 689 641 tra
713 581 776 641 sine
798 597 881 641 versa
901 577 1033 658 magistri
1272 589 1321 640 210

264 667 401 747 protinus
424 667 455 727 in
477 685 596 746 proram
618 665 705 726 rediit
726 666 796 726 ratis
819 664 918 724 omine
940 671 1020 724 certo

264 752 395 812 fluminis
417 770 450 812 00
472 759 666 854 pontumque
679 757 775 811 tuens.
818 743 978 829 ‘promittis
1001 755 1035 808 ut
1056 764 1126 808 0000

264 843 356 914 utque
378 855 464 898 vocas
485 829 666 896 revehemur'
690 835 737 896 ait.
783 833 825 893 sic
847 833 952 895 deinde
975 840 1111 912 precatus

265 939 344 982 arma
366 921 448 981 iubet
469 919 546 981 celsa
568 920 664 980 socios
688 920 861 998 depromere
882 937 994 1014 puppe.

265 1005 341 1065 dona
364 1005 470 1066 dehinc
493 1004 598 1065 Bacchi
621 1011 821 1082 casusqueut
809 1003 967 1064 tfirmet'
959 1020 991 1063 m
1014 1021 1118 1064 omnes
1269 1015 1317 1068 215

265 1097 346 1168 rapta
370 1089 467 1163 Ceres,
490 1090 656 1167 viridesque
678 1096 818 1168 premunt
839 1088 929 1166 longo
952 1088 1055 1148 ordine
1078 1089 1168 1168 ripas.

310 1174 412 1253 Incipe
435 1193 515 1235 nunc
538 1183 642 1235 cantus
664 1174 745 1248 alios,
769 1173 830 1246 dea,
853 1173 972 1251 visaque
994 1172 1076 1232 vobis

265 1259 424 1320 Thessalici
448 1260 482 1320 da
504 1259 579 1320 bella
600 1259 693 1319 dranis.
738 1276 798 1318 non
821 1275 905 1318 mens
927 1257 1009 1332 mihi,
1031 1276 1093 1317 non
1114 1257 1189 1319 haec

266 1362 317 1403 ora
338 1343 423 1416 satis;
447 1351 565 1404 ventum
589 1344 624 1403 ad
644 1343 735 1403 furias
758 1341 937 1419 infandaque
960 1349 1044 1402 natae

265 1427 384 1488 foedera
406 1434 435 1486 et
455 1427 603 1487 horrenda
624 1427 767 1504 trepidam
789 1426 845 1486 sub
866 1425 979 1504 virgine
1000 1445 1147 1506 puppem:
1267 1439 1316 1490 211

266 1511 356 1590 impia
378 1510 575 1571 monstriferis
598 1518 725 1588 surgunt
746 1511 803 1570 iam
826 1510 937 1589 proelia
960 1512 1079 1590 campis.

266 1604 333 1656 ante
357 1595 449 1669 dolos,
473 1603 540 1655 ante
561 1595 643 1655 infidi
666 1604 762 1656 13000
787 1613 915 1673 exequar
937 1603 1018 1656 astus

266 1680 421 1759 Soligenae
443 1679 503 1740 falli
525 1679 621 1740 meriti
643 1680 799 1758 meritique
821 1680 950 1758 relinqui

266 1765 335 1826 inde
357 1783 483 1826 canens:
508 1765 642 1843 Scythica
665 1765 766 1824 senior
786 1763 843 1823 iam
866 1764 943 1824 Solis
965 1764 996 1826 in
1019 1765 1093 1827 urbe

265 1851 322 1910 fata
345 1849 466 1910 laborati
489 1849 615 1909 Phrixus
638 1849 834 1927 compleverat
858 1849 929 1909 aevi.
1266 1861 1313 1912 225

265 1932 344 1993 illius
367 1941 496 1993 extremo
519 1934 574 1993 suh
596 1934 702 1994 funere
724 1933 797 1992 mira
820 1941 942 2010 repente

265 2017 380 2078 flamma
401 2017 462 2096 poli
485 2035 651 2095 magnoque
673 2016 749 2076 aries
770 2017 906 2096 apparuit
928 2021 1007 2077 astro

267 2119 395 2178 aequora
408 2109 523 2161 ¹cuncta
545 2119 677 2162 movens.
721 2109 751 2160 at
771 2101 877 2162 vellera
899 2102 999 2162 Martis
1021 2101 1052 2162 in
1075 2101 1179 2163 umbra

264 2186 328 2265 ipse
351 2185 396 2245 sui
418 2185 544 2245 Phrixus
566 2193 791 2246 monumentum
813 2186 930 2264 insigne
951 2186 1054 2265 pericli

264 2270 392 2349 liquerat
413 2271 526 2330 ardenti
548 2289 693 2366 quercum
715 2270 857 2350 conplexa
877 2271 1003 2332 metallo.
1263 2283 1311 2335 230

265 2355 413 2434 quondam
436 2355 522 2416 etiam
544 2355 645 2416 tacitae
668 2355 747 2416 visus
770 2373 824 2434 per
845 2362 977 2435 tempora
1000 2353 1095 2416 noctis

265 2440 361 2517 effigie
383 2447 471 2513 vasta,
495 2457 690 2516 socerumque
713 2440 855 2500 exterruit
876 2439 981 2519 ingens

265 2523 379 2602 prodita
401 2541 472 2582 vox:
492 2518 523 2582 ‘o
547 2524 598 2600 qui
620 2523 713 2601 patria
735 2523 839 2585 tellure
860 2525 994 2603 fugatum

264 2614 514 2686 quaerentemque
535 2607 637 2667 domos
659 2607 705 2667 his
726 2626 773 2668 me
796 2609 949 2670 considere
971 2626 1076 2688 passus

264 2691 393 2766 sedibus,
417 2691 512 2752 oblata
535 2709 677 2770 generum
699 2710 768 2752 mox
789 2693 873 2771 prole
894 2694 1003 2773 petisti,
1262 2705 1313 2760 230

264 2785 336 2837 1000
357 2776 411 2836 tibi
432 2795 592 2856 regnorum
614 2777 693 2838 labes
716 2776 873 2855 luctusque
895 2785 1066 2858 supersunt,

264 2869 346 2942 rapta
368 2871 504 2940 soporato
475 2861 638 2922 totfuerin
626 2869 727 2922 tcum
750 2861 856 2922 vellera
878 2861 955 2923 luco.

264 2954 414 3025 praeterea
437 2946 570 3006 infernae
592 2964 667 3024 quae
690 2965 771 3007 nunc
794 2953 904 3007 0300313
927 2947 1036 3008 Dianae

263 3030 321 3090 fert
342 3037 437 3090 castos
459 3029 560 3090 Medea
583 3031 699 3105 choros,
723 3049 940 3110 quemcumque
963 3049 1123 3136 procorum

264 3122 346 3192 pacta
369 3121 447 3193 petat
468 3121 584 3175 maneat
606 3114 705 3193 regnis
728 3134 786 3176 neu
808 3116 890 3194 virgo
913 3110 1062 3196 paternis?
1260 3127 1312 3180 240

263 3197 335 3258 dixit
357 3205 386 3259 ct
407 3199 521 3260 admota
543 3198 653 3278 pariter
674 3199 770 3260 fatalia
791 3200 871 3260 visns

262 3283 376 3343 tradere
398 3292 480 3362 terga
501 3303 600 3358 manu,
624 3285 722 3344 1001
708 3282 780 3344 13100
803 3285 888 3344 10000
910 3284 946 3344 ab
968 3301 1040 3344 auro

264 3384 384 3427 currere
406 3386 461 3446 per
482 3369 589 3429 summi
611 3369 710 3447 fulgor
731 3369 911 3447 laqueariat
899 3369 976 3429 t.ecti

262 3451 393 3512 membra
413 3452 486 3512 toris
508 3453 584 3533 rapit
606 3453 654 3514 illc
676 3461 814 3527 1000000
838 3454 1025 3532 patriumque
1047 3461 1186 3530 precatur

264 3543 423 3597 numenct
446 3555 499 3596 000
522 3545 677 3616 surgentes
700 3537 785 3597 litore
808 3557 929 3599 currus:
1256 3547 1306 3598 245

260 3613 345 3680 ‘haec
368 3621 429 3695 tibi,
453 3621 579 3683 fatorum
603 3623 751 3702 genitort
739 3622 830 3684 101013
851 3640 985 3683 meorum

246 3806 304 3856 107,
324 3804 426 3856 fluentis
443 3821 471 3868 π,
489 3805 581 3856 futuris
600 3805 660 3856 Sed.
730 3808 789 3857 nto.
807 3819 840 3857 00
856 3821 884 3869 π,
902 3819 951 3857 000
970 3803 1021 3857 He.
