2792 4340
450 229 706 286 annonevncon
723 229 875 284 nlenten,

184 408 228 469 sio
249 423 369 486 quoque
392 421 454 463 non
477 419 538 462 uno
561 401 678 463 dabitur
698 409 902 464 transcurrere
924 403 1016 466 luctu.

185 491 257 572 quid
278 489 332 551 tibi
354 487 490 548 nubifera
512 495 683 566 surgentem
704 505 780 566 rupe
803 487 966 563 Carambin,

186 575 258 656 quid
280 591 458 647 memorem,
481 589 553 650 quas
575 572 630 633 ln's
652 590 742 652 aquas
764 579 814 633 ant
836 580 971 651 torqueat
992 571 1120 635 Ancon?
1183 585 1229 637 600

187 660 320 743 proxima
341 657 531 719 Thermodon
554 657 631 717 hio
624 675 681 718 iam
703 665 783 718 secat
803 676 884 718 arva:
907 667 1064 720 memento.

187 746 288 807 inclita
309 741 521 805 Amazonidum
542 760 709 822 magnoque
731 749 830 803 exorta
853 741 976 803 Gradivo

190 848 263 910 gens
284 828 342 902 ibi;
364 827 507 889 lemineas
528 845 585 888 nec
606 835 638 887 tu
660 845 742 888 nunc
764 827 851 888 crede
872 835 1009 903 catervas,

189 915 240 976 sed
262 912 365 992 qualis,
388 913 440 972 sed
462 920 571 990 quanta
592 911 663 971 viris
683 911 806 972 insultat
827 913 910 991 Enyo

188 999 310 1078 divaque
332 997 482 1076 Gorgonei
504 996 642 1075 gestatrix
664 996 776 1057 innuba
796 997 931 1058 monstn'.
1158 1036 1160 1045 ,
1185 1007 1230 1059 605

189 1102 228 1144 ne
249 1083 313 1150 tihi
323 1091 395 1142 tuno
417 1082 566 1143 horrenda
587 1099 676 1160 rapax
697 1081 733 1141 ad
755 1081 839 1141 litora
862 1099 994 1161 puppem

189 1175 294 1228 ventus
316 1174 396 1245 agat,
419 1166 490 1226 ludo
511 1165 636 1226 volitans
659 1183 727 1226 cnm
749 1172 845 1226 tunna
868 1166 997 1244 superbo

189 1251 336 1350 pulvereis
358 1251 468 1312 exultat
490 1251 573 1330 equis
594 1250 764 1346 ululataque
785 1250 873 1311 tellus

189 1337 320 1398 intremit
342 1343 372 1397 et
392 1353 508 1415 pugnas
530 1343 607 1395 mota
629 1343 714 1414 pater
733 1335 835 1396 incitat
855 1333 946 1394 hasta.

190 1422 313 1482 nonita
335 1420 373 1480 sit
393 1420 551 1481 metuenda
572 1419 625 1480 tibi
647 1420 813 1480 saevissima
836 1436 1023 1516 quamquam
1185 1430 1231 1481 610

191 1524 265 1584 gens
288 1504 457 1584 Chalybum,
480 1503 563 1565 duris
585 1506 700 1584 patiens
723 1505 771 1565 cui
793 1505 919 1565 cultus
913 1523 942 1564 m
966 1504 1041 1564 arvis

191 1599 220 1652 et
240 1598 324 1651 tonat
345 1589 458 1650 adtlicta
480 1608 598 1668 semper
618 1590 724 1650 domus
745 1590 831 1668 ignea
851 1607 956 1650 massa.

191 1675 260 1736 inde
282 1693 399 1736 omnem
421 1674 571 1734 innumeri
593 1693 678 1753 reges
700 1692 754 1753 per
775 1674 870 1735 litoris
893 1691 984 1747 oram,

190 1759 312 1839 hospitii
335 1759 401 1838 quis
424 1759 505 1819 nulla
526 1759 615 1832 lides3
638 1759 690 1819 sed
712 1758 803 1818 limite
825 1765 905 1818 recto

190 1843 301 1924 puppis
324 1851 353 1905 et
374 1844 486 1923 aequali
508 1850 691 1905 transcurrat
713 1842 851 1902 carbasus
873 1859 953 1902 aura.
1186 1851 1231 1902 615

190 1929 234 1990 sic
256 1928 373 1989 demum
395 1928 490 2007 rapidi
511 1928 611 1988 venies
632 1929 668 1988 ad
690 1925 823 1988 Phasidis
844 1945 970 1987 amnem.

192 2020 287 2074 castra
309 2013 350 2073 ibi
372 2013 429 2073 iam
452 2013 587 2091 Scythiae
608 2012 797 2094 fraternaque
819 2011 913 2089 surgit
935 2010 1052 2088 Erinys.

192 2098 256 2178 ipse
276 2105 376 2158 truces
398 2096 458 2158 illic
481 2097 605 2158 Colchos
627 2098 802 2176 hostemque
822 2095 934 2157 iuvabis

191 2182 315 2244 auxiliis.
360 2201 415 2243 neo
437 2183 523 2262 plura
544 2182 679 2260 equidem
702 2181 871 2243 discrimina
893 2197 993 2240 cerno.

190 2268 253 2328 fors
275 2267 362 2328 etiam
384 2274 511 2346 optatam
533 2265 649 2327 dabitur
671 2266 843 2343 contingere
866 2264 982 2344 pellem.
1187 2274 1234 2324 620

192 2352 245 2413 sed
266 2359 295 2412 te
317 2370 378 2412 non
401 2351 507 2412 animis
529 2369 584 2412 nec
607 2351 677 2412 solis
699 2350 810 2410 viribus
832 2367 957 2427 aequom

192 2437 328 2511 credere;
351 2453 439 2515 saepe
461 2436 520 2497 acri
543 2436 641 2515 potior
663 2435 819 2532 prudentia
841 2434 951 2494 dextra.

192 2539 280 2600 quam
302 2481 403 2581 tdlen't
424 2521 505 2594 deus
529 2521 626 2600 arripe
649 2539 745 2600 opem
790 2520 907 2598 iamque
928 2516 1031 2578 ultima
1052 2516 1139 2578 nobis

193 2623 330 2684 promere
351 2606 408 2665 lata
430 2605 528 2679 nelas3
552 2605 653 2666 sileam
674 2599 800 2684 precor.
846 2603 941 2682 adque
963 2603 1002 2663 ita
1023 2603 1100 2664 lacto

192 2691 252 2751 fine
273 2689 352 2750 dedit
371 2689 467 2750 tacitis
489 2689 595 2751 iterum
617 2708 760 2768 responsa
781 2688 921 2750 tenebn's
1189 2695 1234 2748 625

183 2813 190 2824 ·
237 2773 313 2834 'lum
335 2774 431 2835 subita
453 2775 564 2836 resides
585 2776 683 2836 socios
704 2773 861 2834 formidine
883 2772 968 2832 lason

193 2859 367 2955 praecipitat
387 2859 558 2938 rumpitque
579 2877 677 2920 moras
699 2866 876 2936 tempusque
897 2853 1029 2916 timendi.

194 2943 258 3023 ipse
279 2943 358 3003 viros
380 2943 516 3022 gradiens
538 2943 573 3004 ad
596 2943 682 3022 primi
704 2943 800 3002 litoris
821 2941 930 3001 undam

190 3028 386 3131 prosequitur
407 3028 547 3090 Phineus.
587 3023 745 3125 ‘quaenam
766 3025 820 3087 tibi
843 3019 978 3105 praemia’
1003 3023 1075 3084 dixit

190 3107 287 3189 ‘,quas
311 3113 400 3173 decus
423 3131 441 3172 o
462 3113 588 3186 Βοιιιι
612 3113 722 3192 possim
746 3112 912 3192 persohere
936 3106 1054 3188 grates?
1188 3119 1235 3171 636

100 3191 111 3201 '
194 3213 242 3256 me
264 3197 396 3275 Pangaea
418 3214 510 3277 snper
531 3215 635 3258 rursus
657 3199 725 3276 iuga
746 3214 852 3275 meque
875 3203 996 3275 paterna

195 3287 271 3341 stare
293 3281 371 3360 Tyro
394 3281 554 3361 dulcesque
576 3283 683 3343 iterum
705 3283 778 3343 mihi
799 3299 921 3359 surgere
943 3278 1020 3340 soles

196 3383 278 3426 nunc
300 3384 377 3426 reor.
423 3374 538 3427 exactae
559 3385 699 3428 verumne
722 3367 818 3428 abiere
840 3361 1001 3425 volucres‘l

195 3467 251 3510 neo
272 3457 401 3510 metuam
423 3457 561 3530 tutaeque
584 3451 695 3530 dapes?
719 3453 783 3513 date
804 3457 924 3528 tangere
946 3448 1053 3524 vultus,

195 3533 261 3595 dem
284 3535 371 3596 sinite
393 3536 553 3615 amplexus
576 3537 759 3616 propiusque
781 3535 908 3596 accedite
931 3528 1067 3596 dextrae.³
1189 3542 1235 3594 636

196 3617 315 3679 dixerat
360 3619 521 3681 abscedunt
543 3621 630 3681 terris
653 3629 681 3682 et
702 3621 788 3681 litora
810 3618 951 3680 condunt.

240 3703 385 3765 Omnibus
408 3706 553 3784 extemplo
576 3725 659 3767 saeta
680 3705 765 3767 sub
758 3705 884 3784 imagine
907 3722 996 3783 rupes

180 3888 239 3940 ott.
258 3887 322 3940 sileo
339 3903 369 3954 n,
386 3887 448 3940 sileo
467 3893 492 3940 et
511 3888 642 3953 C‚·sileam
662 3889 707 3940 ιιι.

163 3970 213 4012 vet
225 3969 322 4012 flerem.
1015 3974 1031 4023 6
