2792 4340
587 215 614 268 (l.
632 215 750 268 vntum
765 215 878 270 sulcu

276 385 339 438 tum
361 372 454 452 magis
475 371 571 451 adque
592 371 685 451 magis
706 371 835 452 peditem
857 371 986 434 candore
1008 380 1106 434 notato

276 459 463 541 Tyndariden
483 457 618 518 incendit
638 475 729 532 amor,
752 456 840 518 simul
861 457 966 518 obvius
988 457 1099 519 hastam

277 553 381 626 pectus
403 543 434 604 in
457 542 610 604 adversum
633 541 721 603 Gelae
742 542 811 602 iacit
831 542 1036 622 alipedemque

277 629 410 691 constitit
431 645 556 689 excusso
576 626 671 687 victor
693 627 784 701 duce;
807 627 872 688 risit
893 627 931 688 eb
951 627 1008 688 alta
1377 666 1378 708 3

276 715 355 776 nube
377 720 462 793 pater
482 711 660 792 prensisque
682 711 811 791 equitem
833 712 970 792 cognom
990 712 1123 774 habenis.
1146 766 1150 770 .
1277 727 1318 776 210

276 809 304 861 at
326 799 436 879 pariter
457 796 599 875 luctuque
621 797 725 858 furens
746 797 871 876 visuque
892 797 1027 859 Medores

276 883 463 964 Tyndariden
485 882 559 962 petit
581 889 611 944 et
630 898 755 962 superos
777 882 820 943 sic
842 899 915 942 voce
935 890 1088 962 precatur:

272 963 367 1030 ‘hunc
388 987 441 1047 age
462 966 571 1027 -vel
593 983 678 1027 caeso
701 967 837 1028 comitem
858 985 906 1027 me
928 967 1040 1028 reddite
1061 968 1154 1030 fratri.

275 1054 390 1134 primus
412 1060 443 1114 at
462 1052 511 1114 hic
533 1059 634 1112 nesea
656 1051 777 1130 sonipes
799 1052 882 1112 cadet
903 1051 1013 1132 impius
1035 1053 1126 1127 hasta,

275 1139 384 1202 credita
406 1137 458 1216 qui
478 1136 589 1198 misero
611 1155 672 1198 non
695 1136 809 1197 rettulit
829 1153 909 1197 arura
930 1138 1044 1216 parenti
1273 1149 1313 1200 lle

274 1242 381 1303 meque
402 1223 482 1284 venit
503 1230 606 1284 contra
628 1222 799 1302 captivaque
821 1229 903 1300 terge
923 1218 1089 1286 ministrat.³

274 1310 401 1383 dixerat;
425 1308 524 1370 Actaei
545 1307 598 1370 sed
620 1324 689 1368 euru
710 1306 794 1386 prior
814 1306 897 1368 basta
918 1306 1034 1368 Pluleri

274 1394 378 1468 deicit;
399 1392 553 1453 adseclas
573 1393 697 1471 sonipes
717 1391 794 1452 mors
816 1391 918 1470 effugit
939 1392 1009 1454 alas.

316 1478 389 1549 Quis
409 1477 463 1536 tibi
484 1475 586 1536 fatales
607 1493 748 1554 mam
769 1477 923 1538 metuisset
944 1477 1078 1556 Amyclas

274 1562 484 1639 Oebaliamque
505 1577 645 1635 marm,
667 1569 727 1634 tet,
749 1559 918 1641 Rhyndaco„
940 1561 1091 1624 montibus
1114 1561 1193 1624 inter
1271 1573 1312 1624 tte
1379 1573 1380 1580 ’

273 1647 364 1709 diviso
387 1646 568 1724 totidemque
588 1644 695 1706 fretis?
717 1646 792 1707 cadit
814 1647 931 1726 inpiger
951 1664 1011 1707 una

273 1732 396 1813 inguine
418 1729 581 1792 transfosso
603 1731 674 1791 clari
696 1732 847 1792 Taulantis
870 1733 1007 1792 damnas

272 1818 399 1880 semidea
422 1817 573 1896 genetrice
593 1816 696 1895 Tages,
719 1817 767 1876 cui
789 1817 916 1895 plurium
937 1815 1019 1877 silvis

271 1902 427 1984 pervigilat
447 1909 579 1962 materna
600 1919 686 1962 soror
707 1901 865 1979 cultusque
889 1900 1010 1962 laborat.

270 1987 371 2049 tenuia
394 2005 455 2047 nou
477 1987 561 2047 illum
583 1986 735 2046 candentis
757 1985 876 2048 carbasa
897 1985 961 2060 lini,
1269 1996 1311 2046 225
1380 1997 1381 2040 1

271 2091 333 2132 non
356 2089 427 2132 auro
450 2070 564 2149 depicta
585 2071 725 2150 chlamys,
747 2089 809 2132 non
831 2072 903 2132 flava
925 2070 1017 2150 galeri

271 2155 414 2218 caesaries
437 2154 576 2234 pictoque
598 2155 698 2216 iuvant
719 2153 904 2235 subtegmine
926 2155 1041 2218 bracae.

271 2241 390 2320 iamque
410 2257 504 2302 novus
525 2241 639 2304 mediae
659 2241 822 2320 stupefacta
843 2259 898 2320 per
918 2241 1034 2320 amine
1054 2255 1176 2321 pugnae

261 2327 347 2409 gadit
368 2344 460 2405 eques
482 2327 571 2388 densa
593 2343 736 2405 spargens
758 2325 871 2387 hastilia
892 2326 1002 2401 dextra,

268 2412 505 2490 fulmineumque
525 2411 595 2471 viris
617 2411 802 2490 profundens
823 2411 932 2490 ingerit
952 2427 1055 2472 ensem
1267 2422 1311 2474 tet

268 2498 329 2557 hue
351 2495 482 2556 alternus
505 2503 534 2554 et
554 2496 629 2567 hne;
653 2513 721 2556 cum
742 2496 856 2556 saevior
877 2513 946 2556 ecce
968 2495 1105 2558 iuventus

269 2579 446 2642 Sarmaticae
468 2579 565 2639 coiere
587 2597 692 2640 manus
712 2580 907 2660 fremitusque
932 2580 1064 2643 vir'orurn

270 2663 418 2737 semiferi;
441 2663 517 2742 riget
538 2663 584 2723 his
605 2663 688 2724 molli
709 2664 800 2726 lorica
822 2673 940 2739 eatena;

269 2749 299 2810 id
321 2766 441 2828 quoque
461 2757 579 2828 tegmen
602 2749 703 2828 equis;
726 2757 756 2810 at
777 2751 846 2829 equi
868 2757 1003 2829 porrecta
1025 2767 1197 2829 perennes

269 2842 298 2896 et
320 2842 408 2914 caput
429 2834 580 2914 ingentem
602 2835 713 2915 eampis
733 2835 891 2896 hostilibus
911 2835 1046 2896 umbram
1221 2865 1225 2876 ·
1265 2845 1309 2897 ²35

266 2920 325 2980 fert
346 2919 425 2980 abies
448 2920 555 2980 ahaim
577 2937 656 2997 genu
677 2920 813 2999 vaditque
834 2920 930 2982 virum
950 2920 988 2994 vi,

267 3003 344 3064 vadit
365 3019 485 3082 equum,
507 3002 614 3064 docilis
633 3004 725 3084 relegi
747 3005 909 3084 docilisque
931 3004 1060 3084 relinqui

268 3089 365 3166 [atque
387 3087 495 3148 iterum
517 3087 630 3150 medios
651 3107 712 3150 non
734 3090 821 3151 altior
841 3089 885 3150 ire
906 3107 961 3170 per
981 3089 1103 3166 bostesl.

269 3172 392 3232 orbibus
413 3171 468 3231 los
490 3171 601 3251 rapidis
621 3173 763 3254 mollique
784 3193 840 3255 per
860 3190 988 3254 aequora
1011 3173 1115 3236 Castor·

267 3256 539 3318 aufractulevioris
560 3257 629 3336 equi
651 3258 763 3320 deludit
783 3259 905 3320 anhelos
1264 3269 1312 3320 240

266 3341 506 3420 inmemoresque
525 3343 617 3417 mori;
640 3344 692 3404 sed
714 3362 775 3406 non
798 3345 890 3406 isdem
912 3343 1027 3406 artibus
1046 3361 1142 3422 aeque

267 3434 452 3487 concurrunt
472 3426 612 3506 ultroque
632 3437 724 3490 mum
745 3430 777 3490 iu
798 3430 904 3491 funera
927 3429 1037 3490 Colchi.

266 3510 426 3590 Campesus
447 3510 564 3590 inpacta
585 3513 661 3575 latus
683 3513 761 3574 inter
782 3522 811 3576 et
833 3514 882 3576 ilia
904 3531 1016 3594 quercu

248 3663 307 3714 208.
324 3659 416 3728 gleacit
432 3675 469 3726 π,
494 3662 567 3729 gelae
583 3662 644 3715 iacit
659 3662 723 3729 lleg.
812 3666 872 3718 214.
891 3667 917 3715 et
933 3679 970 3727 π,
996 3667 1024 3715 at
1042 3662 1104 3715 Set.
1196 3664 1257 3716 att.

179 3729 277 3794 parenti
294 3744 323 3792 π,
340 3728 437 3795 phaleri
458 3728 484 3780 0.
569 3731 628 3784 me.
650 3723 746 3784 ‘densa'
773 3729 823 3794 eli.
843 3731 873 3784 t.
892 3731 1006 3783 mellea·
1029 3731 1062 3782 de
1086 3747 1117 3781 re
1133 3736 1211 3783 nab.
1229 3745 1255 3797 p.

179 3798 236 3848 320.
296 3799 355 3853 Ἀθ,
373 3796 548 3864 profundisV,
566 3798 722 3864 profundens
734 3797 772 3857 Μ,
791 3800 942 3867 proturbans
961 3797 988 3851 G.
1040 3800 1099 3852 2³8.
1118 3802 1197 3850 uncte
1215 3799 1257 3850 tn·

179 3865 260 3916 elusit
277 3864 337 3916 Set.
356 3893 390 3904 —
408 3881 459 3917 non
475 3865 571 3917 tardior
588 3865 634 3917 He.
