2792 4340
168 192 229 256 108
588 196 613 248 G.
633 195 750 247 VALERl
765 194 878 248 alacer

255 353 345 413 erinis
367 352 453 425 inest,
477 349 572 412 nahle
594 350 700 424 deeus;
724 350 771 411 dat
791 347 911 428 longior
932 355 1011 410 aetas

253 437 311 498 iam
333 435 476 516 spatium;
499 433 609 514 triplici
631 453 810 514 percurrens
833 441 967 512 tempora
990 433 1069 494 nodo

251 521 376 583 demittit
396 538 480 582 sacro
502 519 634 600 geminas
655 537 672 580 a
692 519 800 582 vertice
820 519 914 580 vittas.

252 605 337 667 Datin
361 603 572 668 Achaemeniae
595 604 710 682 gravier
731 603 767 666 de
788 604 910 666 minere
931 621 1049 682 pugnae
1259 615 1284 665 65

251 691 332 752 misit
352 691 384 752 in
406 708 486 750 arma
508 689 629 767 Daraps,
652 689 729 750 acies
751 704 840 767 quam
861 688 964 750 Martia
983 688 1099 752 circum
1189 741 1204 752 .

252 775 459 854 Gangaridum,
482 781 611 854 potaque
633 774 728 834 Gerus
750 791 826 852 quos
849 773 951 837 eiicrat
970 773 1059 846 unda,

253 860 365 939 quique
386 859 483 922 laeum
505 859 623 920 cinxere
646 858 755 937 Bycen.
799 877 861 922 non
884 858 977 922 defuit
998 860 1111 932 Anxur,

252 963 314 1005 non
337 944 467 1006 Rhadalo
489 961 557 1004 curn
578 943 668 1003 fratre
691 943 793 1017 Sidon,
817 943 1001 1021 Acesinaque
1022 943 1103 1004 laevo

150 1055 153 1061 ·
253 1030 351 1090 omine
372 1029 506 1092 fatidicae
528 1027 655 1090 Phrixus
676 1035 773 1090 movet
793 1027 910 1106 agmina
932 1046 1042 1090 cervae.

251 1115 316 1193 ipsa
337 1132 446 1190 comes,
469 1113 557 1174 saetis
578 1113 696 1191 fulgens
714 1120 747 1174 et
769 1112 910 1174 cornilius
932 1111 1038 1186 amnis,

250 1206 319 1260 aute
340 1199 433 1262 aciem
455 1197 526 1262 celsi
547 1197 664 1258 vehitur
685 1196 847 1276 gestamine
866 1197 948 1260 eunti

144 1361 145 1364 Ἴ
251 1292 364 1344 maesta
385 1303 442 1346 nee
462 1283 494 1346 in
516 1301 618 1344 saevae
639 1283 723 1344 luces
745 1282 875 1344 reditura
892 1281 1015 1344 Dianae.

250 1368 341 1428 movit
363 1375 391 1428 et
414 1367 521 1446 Hylaea
543 1367 669 1446 supplex
691 1383 759 1428 cum
782 1373 870 1446 mute
890 1367 1009 1446 Syenen

251 1451 332 1529 inpia
353 1451 485 1530 germani
506 1457 696 1530 praetentans
715 1452 837 1517 uolnere
857 1451 972 1512 Perses.

250 1536 371 1598 densior
391 1537 464 1598 haut
485 1553 611 1614 usquam
633 1554 689 1596 nec
708 1535 818 1598 celsior
839 1535 942 1600 extulit
963 1535 1037 1598 ullas

251 1621 321 1683 silva
342 1621 450 1696 trahes,
471 1621 625 1699 fessaeque
647 1619 731 1700 prius
753 1621 867 1688 rediere
887 1620 1009 1699 saginae

250 1792 323 1870 quin
346 1799 375 1852 et
397 1790 433 1854 ab
454 1790 598 1871 Hyrcanis
621 1790 754 1852 Titanius
776 1789 889 1870 expulit
909 1790 1002 1858 antris

251 1876 333 1956 Cyris
356 1876 387 1937 in
410 1893 489 1938 arma
511 1875 598 1950 viros,
621 1875 820 1954 plaustrisque
840 1875 878 1936 ad
900 1875 1011 1954 proelia
1033 1882 1155 1938 cunctas

251 1960 413 2022 Coelaletae
435 1968 549 2022 traxere
569 1977 691 2034 manus3
713 1959 755 2021 ihi
777 1959 874 2022 sutilis
896 1959 953 2022 illis
1140 2023 1148 2041 p

250 2053 280 2105 et
300 2045 406 2106 domus
429 2051 458 2104 et
479 2044 571 2104 crudo
594 2043 727 2104 residens
748 2045 805 2106 suh
826 2044 934 2106 vellere
955 2044 1086 2108 coniunx

251 2136 279 2189 et
301 2147 377 2208 puer
399 2147 415 2189 e
436 2127 532 2208 primo
554 2135 699 2206 torquens
720 2135 838 2191 tenone
861 2129 977 2190 cateias.

248 2213 395 2292 linquitur
414 2212 558 2293 abruptus
579 2213 684 2293 pelago
706 2214 791 2294 Tyra,
814 2213 959 2293 linquitur
980 2223 1010 2276 et
1030 2233 1117 2278 mons

248 2294 399 2361 Ambenus
422 2306 451 2360 et
472 2299 575 2380 gelidis
597 2299 713 2378 pollens
735 2299 868 2377 Ophiusa
888 2298 1019 2362 venenis.

247 2384 469 2463 degeneresque
489 2393 582 2445 ruunt
603 2383 687 2445 Sindi
708 2384 932 2462 glomerantque
954 2391 1078 2464 paterno

248 2467 372 2528 crimine
394 2485 475 2528 nune
498 2468 584 2528 mum
605 2476 771 2530 metuentes
794 2467 914 2530 verbera
934 2477 1056 2530 turmas.

248 2551 304 2611 hes
325 2569 417 2630 super
437 2558 564 2614 aeratam
585 2551 708 2612 Phalces
729 2553 789 2632 agit
810 2571 939 2632 aequore
960 2553 1070 2616 nubem

248 2653 317 2696 eum
336 2635 466 2710 incutite,
489 2635 633 2714 densique
655 2636 751 2699 levant
771 2637 875 2700 vexilla
897 2639 1013 2714 Coralli,

247 2719 414 2783 barbaricae
436 2721 504 2800 quis
524 2720 610 2802 signa
631 2728 712 2783 rotae
733 2722 899 2801 ferrataque
921 2725 1009 2784 dorse

245 2806 339 2866 forma
361 2825 448 2867 suum
470 2814 653 2886 aureaeque
674 2807 751 2868 lovis
772 2807 928 2868 simulacra
949 2808 1119 2882 columnam

245 2891 357 2969 proelia
379 2910 435 2952 nec
456 2910 546 2952 rauco
568 2900 674 2954 curant
694 2892 854 2954 incendere
875 2911 980 2968 cornu,

246 2973 398 3052 indigenas
421 2975 472 3035 sed
493 2974 549 3036 rite
571 2977 662 3038 duces
684 2984 714 3038 et
734 2977 831 3056 prisca
852 2995 976 3038 suorum

246 3058 321 3118 lacta
343 3065 455 3120 eammt
474 3065 665 3138 vetemmquc
686 3060 756 3122 viris
777 3061 943 3124 hortamina
964 3061 1074 3124 laudes.

243 3149 288 3202 ast
309 3142 361 3202 uhi
383 3141 535 3206 Sidonicas
556 3144 634 3206 inter
654 3145 744 3224 pedes
766 3153 871 3225 aequat
891 3146 1029 3222 lichenas,
1252 3152 1278 3202 95

244 3225 326 3286 illinc
348 3226 459 3288 iuratos
481 3227 512 3290 in
535 3247 566 3290 se
588 3229 677 3290 trahit
699 3232 757 3295 Aea
771 3232 921 3308 liniamus,

225 3429 267 3482 67.
286 3425 490 3494 GargaridumJ.
512 3428 554 3482 W.
573 3430 634 3495 (cll.
654 3427 743 3484 Strab.
762 3429 801 3496 Xl,
819 3435 887 3493 504).
951 3433 992 3483 ’(3.
1010 3430 1080 3482 necis
1097 3445 1125 3494 π,
1144 3430 1232 3482 necin

158 3493 215 3545 eod.
235 3492 316 3559 Ber„
343 3496 701 3562 A.-1ueon,1ucosm.
800 3502 842 3552 74.
860 3513 968 3568 syrenen
986 3515 1015 3564 π,
1032 3512 1130 3566 syenen
1148 3515 1183 3550 aa.
1199 3524 1234 3538 «-

153 3567 218 3628 poet
235 3565 266 3614 'll
286 3564 425 3615 intra-cidit
440 3581 532 3616 ceraue
550 3569 579 3616 in
597 3567 687 3629 codd,
711 3570 739 3618 in
758 3565 785 3620 B
803 3569 846 3619 hie
865 3569 977 3632 legitur:
1002 3566 1098 3620 arboris
1116 3566 1149 3616 ed
1167 3581 1233 3620 sum-

157 3644 226 3682 murn
242 3645 319 3697 quern
337 3647 476 3698 pervenere
494 3647 621 3688 cacumen.
659 3687 661 3691 ,
689 3638 729 3688 79.
747 3629 777 3686 ‘ll
798 3627 888 3688 reanis'
908 3635 956 3698 cfr.
976 3635 1067 3701 Sapo.
1084 3633 1153 3700 Byr.
1170 3650 1191 3686 r.
1209 3649 1231 3684 a.

156 3691 294 3775 ‘Peaeum
314 3695 393 3754 atla
411 3696 526 3769 θρᾴκηε.
545 3729 578 3738 -
596 3704 636 3755 80.
654 3702 712 3754 ciris
728 3717 757 3767 π,
776 3651 847 3771 syris
864 3703 889 3760 J.
909 3733 940 3746 -
963 3703 1064 3756 iunctas
1081 3703 1121 3754 Pi.
1189 3703 1232 3754 81.

156 3765 231 3817 Goera
248 3765 330 3818 laetae
349 3767 388 3828 V,
416 3768 574 3833 Coeialpetae
592 3769 634 3834 M,
654 3770 784 3822 Coraletae
804 3770 836 3833 G,
855 3771 998 3822 Coelaletae
1016 3769 1064 3822 ΤΙι.
1084 3768 1145 3830 (cfr.
1169 3765 1231 3822 Tac.

156 3834 228 3883 Aac.
246 3832 290 3893 lll,
310 3836 357 3899 38,
375 3833 448 3885 Plin.
464 3834 500 3886 N.
518 3836 549 3886 H.
567 3836 614 3901 lv,
632 3839 683 3899 41).
753 3840 794 3890 95.
813 3837 930 3890 Sidonias
946 3841 991 3890 Pn.
1018 3836 1060 3893 W.
1078 3839 1158 3900 (641).
