2792 4340
179 239 239 299 114
606 242 631 292 G.
650 239 767 290 VALERl
784 237 895 290 FLAGCI

260 390 381 475 ‘nempe
404 413 507 455 omnes
530 394 662 455 cecidere
683 413 779 470 seneS,
803 411 910 472 nempe
933 391 1030 452 omnis
1051 391 1208 470 ademptus

263 489 331 542 ante
352 488 445 560 pater.
491 498 566 558 quae
587 499 639 539 vos
661 478 759 539 subito
781 485 841 538 tam
862 478 948 538 foeda
969 484 1108 538 senectus

263 566 408 644 corripuit
428 565 575 643 fregitque
597 563 712 624 animos
733 563 828 641 adque
850 563 969 623 abstulit
991 559 1070 622 iras?

263 657 313 711 aut
334 668 451 710 mecum
472 649 611 724 medium,
634 649 764 722 iuvenes,
787 648 863 726 agite
885 648 925 708 ite
947 665 1001 726 per
1023 647 1125 706 orbem
1258 655 1299 706 285

263 735 489 814 Argolicamque
510 752 639 808 manum,
662 742 712 794 aut
734 733 809 793 caris
831 731 996 793 occumbite
1017 725 1112 792 natis?

263 820 356 881 inruit
377 828 406 881 et
426 819 536 899 patrias
559 818 670 897 coeptis
692 819 773 879 ferus
795 816 914 878 advocat
935 816 1069 877 untbras:

260 898 373 966 ‘sancte
395 904 467 966 mihi
488 905 615 982 Vorapte
637 911 729 983 pater,
752 910 802 963 tua
824 910 943 982 pectora
965 908 1034 962 nato

263 1008 388 1068 suggere
411 1008 493 1050 nunc
514 990 700 1067 animamque
721 1006 840 1067 pamm,-
855 987 880 1047 si
901 988 959 1047 fata
980 1004 1088 1065 peroso

262 1075 343 1135 tarda
365 1074 418 1134 tibi
440 1082 603 1153 turpesque
624 1092 721 1133 moras
743 1091 803 1132 non
828 1072 948 1150 segnius
970 1071 1027 1150 ipsi
1106 1067 1111 1078 '
1256 1077 1296 1128 tto

261 1159 415 1239 paruimus
438 1160 580 1239 parvique
601 1159 676 1219 viam
697 1157 825 1218 didicere
848 1152 989 1236 nepotes.²
1253 1154 1284 1206 '-

260 1245 333 1314 haee
355 1245 404 1320 ait,
426 1244 604 1323 auditusque
625 1243 731 1304 Erebo.
775 1250 849 1303 tunc
870 1241 993 1320 corripit
1015 1259 1117 1301 ensem

260 1330 397 1390 turbidus
420 1338 450 1389 et
469 1330 555 1390 furiis
577 1329 684 1390 ardens
707 1327 800 1406 quatit
821 1345 900 1387 arma
922 1325 1063 1405 paternis.

261 1413 409 1492 indigenis
431 1422 562 1474 sacratus
584 1413 668 1490 aquis
690 1412 849 1492 magnique
870 1410 1007 1472 sacerdos

260 1497 394 1558 Phasidis
417 1498 532 1558 Arctois
553 1498 675 1575 Aquites
698 1497 812 1558 errabat
833 1498 864 1557 in
886 1496 985 1570 annis,
1255 1500 1294 1552 tto

263 1582 422 1662 (populeus
444 1581 492 1642 cui
514 1582 628 1643 frondis
650 1582 747 1652 honor
769 1589 987 1662 conspectaque
1009 1579 1113 1658 glauco

262 1675 396 1746 tempora
418 1675 579 1728 nectuntur
599 1670 693 1744 ramo)
716 1675 755 1743 te,
779 1667 883 1746 Cyme,
906 1665 1037 1744 parentis

261 1753 463 1814 immemorem
486 1754 575 1815 durae
599 1753 722 1832 cupiens
744 1753 890 1813 abducere
912 1767 1048 1830 pugnae3

260 1839 377 1917 iamque
400 1857 503 1899 omnes
525 1839 639 1918 inpune
662 1838 765 1916 globos
788 1836 960 1914 diversaque
981 1835 1110 1894 lustrans

262 1923 378 2002 agmina
401 1942 462 1983 non
485 1941 610 2001 usquam
633 1923 762 2002 Cyrnum
783 1921 869 1982 videt.
900 1928 993 1998 utque
1015 1921 1123 1980 iterum
1145 1917 1234 1980 intrat
1253 1925 1295 1976 30⁰

260 2007 433 2080 vociferans,
456 2009 564 2067 iterum
585 2007 654 2093 belli
677 2006 790 2067 diversa
812 2016 956 2086 peragrat,

260 2092 363 2152 lancea
384 2092 531 2151 caeruleas
555 2091 667 2151 circum
690 2092 794 2170 strepit
815 2091 904 2151 incita
925 2091 1019 2151 vittas.

262 2175 403 2255 opprimit
424 2175 558 2237 admissis
580 2177 662 2236 ferus
684 2176 754 2236 hino
777 2176 927 2237 Gesander
948 2174 1081 2235 habenis

260 2261 309 2322 ille
331 2279 452 2322 manum
473 2261 624 2341 trepidans
646 2263 742 2341 adque
762 2260 851 2321 inrita
873 2278 954 2320 sacra
975 2257 1107 2331 tetendit,

256 2340 358 2425 ‘teque
380 2347 532 2426 perhanc
554 2342 678 2426 genitor’
702 2346 800 2425 inquit
817 2337 883 2405 ‘tibi
906 2345 931 2404 si
952 2351 1060 2418 manet,
1083 2359 1136 2402 oro
1253 2345 1296 2398 att

261 2433 406 2506 canitiem,
430 2450 577 2511 conpesce
598 2432 693 2492 minas
715 2439 743 2492 et
765 2430 859 2491 sicubi
882 2463 923 2474 —-
945 2437 1015 2489 nato

254 2534 348 2595 parce
370 2511 456 2576 meo?
502 2514 583 2575 dixit.
628 2523 730 2576 contra
752 2516 796 2576 sic
817 2516 911 2575 vietor
931 2516 1032 2575 adacto

260 2617 331 2660 ense
353 2599 458 2658 refert:
480 2591 618 2677 ‘geniton
641 2601 722 2678 turpi
746 2600 852 2660 durare
874 2606 991 2660 senecta

260 2702 349 2762 quem
370 2683 443 2743 mihi
465 2683 539 2744 reris
561 2684 666 2758 adhuc,
688 2684 753 2763 ipse
773 2684 828 2744 hac
851 2685 1027 2745 occumbere
1049 2683 1149 2743 dextra

259 2769 362 2830 maluit
383 2770 478 2849 adque
501 2769 579 2830 ultro
601 2788 708 2848 segnes
730 2769 905 2848 abrumpere
927 2777 1028 2830 metas.
1252 2769 1296 2821 310

260 2861 289 2915 et
309 2854 362 2916 tibi
385 2855 409 2916 si
431 2856 524 2935 pietas
547 2855 616 2929 nati,
640 2855 664 2916 si
686 2855 786 2916 dextra
807 2854 921 2929 fuisset,

260 2940 331 3000 haut
353 2939 441 3000 medii
463 2940 603 3019 precibus
625 2947 736 3001 tereres
758 2958 840 3000 nunc
862 2947 994 3017 tempora
1016 2936 1096 3010 belli,

244 3025 626 3103 paracoemumenum.
670 3024 768 3085 iuveni
791 3042 856 3084 sors
878 3023 1032 3103 pulchrior
1054 3020 1166 3093 omnis;

260 3115 288 3168 et
310 3117 437 3169 certasse
459 3126 549 3167 manu
572 3109 655 3168 decet
677 3117 706 3168 et
728 3109 857 3169 caruisse
879 3101 1056 3188 sepulchro?

259 3193 386 3268 dixerat;
409 3192 459 3254 ille
480 3192 551 3252 deos
572 3191 704 3253 moriens
726 3195 898 3272 caelumque
918 3200 1065 3273 precatur,
1252 3193 1296 3244 315

260 3278 376 3338 dextera
400 3295 438 3338 nc
459 3276 568 3338 misero
590 3277 655 3338 talis
677 3278 753 3339 foret
775 3278 858 3338 obvia
880 3286 958 3338 nato.

302 3361 343 3423 Te
367 3381 495 3440 quoque,
520 3363 639 3438 cambe,
662 3362 705 3423 tui
728 3381 790 3424 non
813 3363 906 3424 inscia
927 3361 1042 3423 funeris
1066 3361 1145 3438 Argo

256 3446 336 3507 ssevit
356 3446 392 3507 ab
414 3446 503 3507 invita
525 3448 689 3526 rapientem
710 3449 766 3509 tela
789 3447 897 3508 camna.

224 3617 281 3667 285.
299 3613 408 3665 mediam
426 3650 432 3662 .
452 3651 458 3665 .
478 3655 484 3666 .
505 3653 511 3666 .
529 3615 617 3666 urbem
635 3632 667 3680 a,
687 3614 866 3667 medium...
882 3615 968 3666 orbem
987 3614 1047 3665 Sela.
1113 3613 1173 3663 tot.
1191 3624 1247 3661 eam

171 3698 199 3746 n,
217 3683 285 3734 viam
305 3681 357 3746 CA,
374 3681 450 3733 etiam
467 3681 499 3734 B.
586 3686 644 3736 300.
662 3683 763 3752 agmina
781 3698 831 3734 non
857 3697 965 3749 usquam
991 3681 1063 3732 videt
1086 3697 1121 3743 π,
1144 3677 1245 3746 agmina

172 3765 247 3817 quem
266 3750 365 3818 quaerit
380 3765 505 3817 nusquam
523 3749 593 3802 videt
613 3750 638 3812 0,
658 3751 758 3818 agmina
776 3765 826 3802 non
844 3765 951 3818 usquam
967 3751 1078 3818 Cyrnum
1095 3746 1166 3798 videt
1184 3744 1246 3796 Sed.

170 3847 205 3856 —
228 3823 305 3884 atque
321 3834 350 3879 π,
367 3823 446 3883 utque
463 3821 532 3870 Bur.
550 3819 678 3869 -instat
695 3819 741 3870 He.
805 3822 861 3871 303.
880 3819 947 3869 hunc
963 3835 997 3873 π.
1022 3818 1082 3868 binc
1107 3817 1178 3866 Bur.

172 3888 230 3940 305.
248 3885 330 3950 inquit
347 3886 446 3950 genitor
466 3885 493 3936 θ.
563 3888 620 3936 313.
639 3885 707 3935 omni
725 3901 755 3946 n,
771 3886 852 3936 omnis
871 3884 950 3936 Koch.
