2792 4340
564 178 590 228 6.
608 177 725 231 vatent
742 179 853 234 uincor

235 317 364 397 Cyaneae
386 326 569 405 propiorque
591 333 688 407 labor,
712 338 830 413 quaudo
853 337 953 398 adlore
975 353 1091 414 quaque

136 457 140 472 .
234 411 315 498 parte
337 414 457 484 putent3
481 419 558 475 stant
580 436 631 478 ora
651 427 732 480 meto
755 440 810 482 nec
831 422 908 482 sessa
930 422 1073 482 recedunt

234 487 345 550 lumina
367 491 493 556 diversas
516 498 628 562 circum
651 505 834 566 servantibus
856 507 959 578 undas,

234 591 302 632 curn
324 578 429 653 procul
450 581 540 642 auditi
563 587 678 648 sonitus
701 590 863 669 insanaque
885 607 960 652 sare.

234 675 300 754 saxa
323 678 421 755 neque
441 665 490 726 illa
511 667 591 745 viris,
613 674 665 734 sed
686 675 875 754 praecipitata
897 675 1045 754 profundo

233 742 338 804 sldercr
362 766 430 826 pars
452 751 511 812 visa
534 755 604 832 poli,
648 759 777 840 dumque
800 761 882 822 ocius
904 761 1024 833 instant,

233 829 310 924 ferre
331 831 432 911 lugam
454 837 551 898 mana·
566 850 633 905 ante
654 851 755 920 ratem,
778 845 869 906 maria
891 846 953 923 ipsa
976 853 1099 922 repente

234 914 376 993 diffugere
398 921 592 1004 adversosque
615 928 712 992 vident
734 931 882 992 discedere
907 936 1032 1002 montes,
1237 942 1286 992 665

234 1000 371 1096 omnibus
395 1013 423 1068 et
445 1009 538 1086 gelida
560 1014 813 1092 raptidormidiue
835 1014 917 1076 romi.

234 1103 297 1165 lpse
319 1106 374 1165 per
395 1108 474 1156 arma
495 1096 596 1158 volans
618 1108 647 1160 et
669 1120 722 1180 per
743 1101 812 1178 iuga
833 1117 946 1161 summa
968 1099 1085 1158 carinae

233 1172 368 1234 bortatur
389 1181 574 1260 supplexque
595 1204 700 1247 manus
721 1185 848 1246 intendit
869 1184 954 1246 lason

235 1259 354 1320 nomine
377 1280 524 1345 quemque
546 1287 694 1348 premens.
734 1264 799 1331 ‘ubi
821 1288 901 1330 nunc
923 1267 1066 1346 promissa
1089 1270 1220 1347 superba

235 1344 429 1425 ingentesque
450 1353 556 1427 minae,
578 1373 695 1416 mecum
716 1353 823 1432 quibus
846 1354 900 1416 ista
921 1349 1037 1414 secuti?
1233 1363 1284 1416 650

235 1428 311 1488 idem
334 1433 434 1512 Amyci
457 1437 518 1496 viso
541 1447 654 1521 mentes
676 1440 763 1500 timor
784 1439 922 1500 ornnibus
944 1445 1029 1498 antro

235 1515 416 1594 perculerat;
440 1521 573 1587 stetimus
595 1532 692 1586 tamen
715 1532 744 1586 et
765 1525 838 1584 deus
860 1523 951 1583 aclluit
972 1520 1060 1582 ausis.

236 1600 308 1679 quin
330 1601 437 1666 iterum
460 1606 536 1669 idem
558 1608 658 1683 aderit,
682 1609 779 1683 credo,
803 1603 893 1669 deus?
938 1608 1010 1667 baec
1032 1605 1082 1666 ubi
1105 1608 1192 1678 labie,

236 1687 358 1766 corripit
379 1690 483 1753 abiecti
505 1712 678 1773 remumque
698 1694 857 1771 locumque
879 1692 994 1752 Phaleri

237 1779 265 1832 et
286 1775 391 1851 trahit3
415 1778 581 1858 insequitur
602 1781 746 1840 flammata
767 1779 881 1858 pudore
903 1776 1048 1839 iuventus.
1231 1787 1279 1836 655

235 1859 315 1918 unda
337 1861 502 1926 laborantes
524 1881 666 1944 praeceps
688 1872 764 1924 rotat
785 1882 818 1924 ac
839 1863 909 1940 luga
931 1862 1014 1939 ponti

237 1943 335 2019 obvia;
357 1947 519 2010 miscentur
540 1968 645 2028 rupes,
669 1949 785 2027 iamque
807 1965 934 2026 aequore
957 1953 1018 2006 toto

238 2026 367 2106 Cyaneae
388 2032 457 2110 iuga
478 2033 652 2111 praecipites
675 2023 761 2092 inlisa
782 2031 942 2092 remittunt.

237 2110 281 2172 bis
303 2114 402 2193 fragor
424 2117 544 2179 infestas
566 2125 666 2178 cautes
687 2116 864 2196 adversaque
887 2117 963 2176 saris

237 2216 303 2259 saxa
325 2200 412 2275 dedit,
435 2204 549 2264 llamrna
571 2220 709 2280 expresso
731 2202 777 2262 bis
799 2201 882 2262 fulsit
904 2200 934 2261 in
957 2199 1052 2260 imbri.
1229 2209 1279 2260 660

238 2283 313 2344 sicut
334 2287 495 2350 multitldus
517 2287 613 2367 ruptis
635 2308 651 2348 e
673 2285 802 2348 nubibus
824 2287 931 2346 horror

238 2369 349 2448 [elingit
372 2381 400 2433 et
421 2373 556 2436 tenebras
579 2372 753 2449 nimbosque
776 2370 941 2432 intermicat
963 2363 1052 2450 ignis]

236 2455 415 2535 terrificique
437 2466 529 2518 ruunt
550 2458 677 2518 tonitrus
700 2457 829 2533 elisaque
851 2463 967 2516 noctem

237 2535 287 2596 lux
310 2539 434 2613 dirimit,
457 2559 548 2619 pavor
570 2557 620 2600 ora
642 2541 753 2613 virum,
776 2558 866 2618 pavor
888 2546 1013 2616 occupat
1034 2545 1132 2598 artus:

237 2620 314 2682 baud
337 2643 422 2685 secus
444 2625 573 2703 implevit
594 2632 718 2702 pontum
739 2625 853 2701 fragon
877 2624 970 2684 el'lluit
990 2622 1084 2684 imber
1231 2631 1279 2681 665

238 2724 379 2785 spumeus
402 2718 430 2771 et
450 2725 557 2789 magno
579 2725 711 2788 puppem
733 2709 839 2787 procul
860 2726 987 2786 aequore
1007 2707 1100 2769 vestit.

281 2795 437 2857 Advertere
458 2795 505 2857 dei
526 2795 677 2873 defixaque
698 2794 808 2856 lumina
830 2801 931 2872 ponto,
997 2873 1000 2879 Ι

238 2877 309 2954 qnid
331 2881 460 2959 scopulis
483 2881 636 2960 praeclusa
657 2879 737 2962 ratis,
760 2878 832 2957 quid
854 2878 926 2938 dura
948 2878 1085 2938 iuventus

238 2965 385 3040 expediam
408 2965 517 3043 pendet
537 2964 651 3042 magnis
673 2965 754 3023 saror
776 2971 859 3022 ortus
880 2962 916 3022 ab
938 2963 1026 3024 ausis.

238 3045 331 3122 prima
354 3049 521 3109 coruscanti
543 3049 661 3126 signum
684 3048 763 3108 dedit
784 3047 884 3125 aegide
906 3047 988 3125 virgo
1229 3054 1277 3103 oto

237 3130 408 3194 fulmineam
429 3134 551 3194 iaculata
573 3133 676 3194 lacem.
719 3132 836 3193 undum
858 3131 948 3192 ardua
973 3139 1071 3193 cautes

239 3224 381 3290 cesserat,
403 3218 452 3278 illa
473 3219 574 3279 volans
596 3217 679 3277 tenui
701 3235 755 3294 pcr
776 3216 892 3278 concita
914 3233 981 3278 sanc

238 3297 304 3359 luce
325 3301 416 3379 lugit3
439 3303 552 3364 rediere
572 3301 642 3362 viris
664 3301 812 3378 animique
834 3319 1006 3380 manusque,

239 3391 272 3443 ut
291 3385 389 3446 videre
409 3388 493 3448 viam.
534 3382 666 3465 ‘sequor
689 3404 707 3444 o
729 3385 908 3464 quicumque
930 3379 1071 3447 deorum?

223 3621 279 3670 656.
298 3625 365 3672 certe
382 3621 438 3672 viso
457 3636 486 3684 π,
505 3625 602 3672 mentes
621 3621 677 3672 viso
694 3615 755 3683 He,
773 3620 829 3670 viso
848 3622 945 3671 mentes
964 3619 1023 3670 Scb.
1110 3619 1168 3670 661.
1187 3615 1222 3667 sic

156 3684 197 3735 ubi
216 3699 243 3748 n,
260 3686 326 3738 sicut
344 3687 404 3738 Sed.
428 3687 487 3749 (cfr.
507 3689 576 3749 507).
646 3689 703 3741 662.
731 3687 801 3739 uncis
820 3686 924 3738 inclusit
942 3685 1002 3738 Scb.
1072 3687 1132 3739 664.
1150 3697 1222 3734 aures

155 3769 182 3816 n,
208 3755 276 3805 artus
295 3755 339 3808 Fr.
359 3757 437 3820 (102).
508 3758 566 3808 oet.
591 3756 693 3807 nomina
723 3771 757 3819 π,
778 3755 873 3806 lumina
898 3771 931 3805 m.
1026 3756 1084 3806 ota.
1112 3751 1224 3804 cecidere

155 3837 192 3884 n,
209 3818 314 3872 rediere
331 3821 376 3874 152.
