2792 4340
464 186 721 241 Anconavrlcort
737 187 831 242 LIBER
849 191 879 242 V.

192 345 271 406 satur
293 351 321 405 et
343 342 467 404 occiduo
490 342 560 405 libat
582 351 693 406 cratera
715 345 839 425 parenti.

193 429 321 509 quisque
343 427 404 489 suis
426 435 489 489 tum
510 436 576 490 vota
598 429 659 490 deis
682 438 711 492 ct
732 431 838 511 pocula
859 430 965 504 fundit,

192 515 263 576 dent
284 513 386 587 aciem,
409 513 480 574 dent
500 512 658 592 belligeros
680 533 820 595 suparare
842 514 966 576 labores.

235 599 313 659 Ecce
334 605 432 659 autem
454 597 564 660 Geticis
585 599 706 661 veniens
729 600 871 661 Gradivus
894 600 929 660 ab
952 601 1044 661 antris

192 684 403 763 ingentemque
425 684 546 744 trahens
568 692 665 745 arctoa
687 703 742 764 per
763 703 891 764 aequora
914 684 1024 746 nubem

194 768 300 848 aspicit
321 770 414 828 Aeaea
435 767 549 847 Minyas
571 770 752 848 stupefactus
774 770 806 830 in
828 769 902 830 urbe

193 852 394 932 ambitumque
416 871 517 914 senem
540 854 745 933 promissaque
765 854 872 916 vellera
894 854 966 934 pubi

193 937 386 999 Thessalicae.
431 936 507 998 citus
529 939 565 999 ad
588 940 695 999 summi
718 939 863 1000 stellantia
884 939 977 1018 patris

192 1031 268 1084 tecta
290 1022 350 1082 ruit
371 1029 539 1102 questuque
561 1024 658 1084 lovem
680 1031 804 1094 testatur
825 1023 948 1085 acerbo:

189 1101 279 1186 ‘quac
301 1106 416 1180 studiis,
439 1125 490 1168 rex
511 1125 627 1187 magne,
651 1106 757 1186 quiesi
780 1109 836 1170 iam
858 1116 960 1168 mutua
983 1107 1040 1168 divi

193 1192 279 1253 exitia
301 1192 333 1252 in
355 1191 435 1252 solos
456 1193 610 1254 bominum
631 1191 771 1254 molimur
792 1193 931 1264 bonores,

191 1284 280 1355 teque
303 1275 594 1352 accumularent,
617 1277 746 1338 rabidam
769 1278 820 1356 qui
842 1275 958 1338 Pallada
980 1276 1059 1337 caelo

195 1379 256 1422 non
278 1360 371 1439 abigis
393 1377 492 1439 neque
513 1361 648 1422 femineis
671 1363 718 1423 ius
740 1362 833 1423 obicis
857 1362 945 1422 ausis.

193 1463 266 1508 num
288 1463 408 1525 queror,
431 1453 562 1507 extructa
584 1447 664 1525 quod
686 1447 796 1508 vexerit
815 1447 880 1527 ipsa
903 1445 1002 1507 carina

191 1530 298 1591 vellera
320 1548 402 1591 sacra
421 1531 496 1591 meis
518 1539 686 1610 sperantem
708 1539 837 1596 euenere
859 1530 944 1604 lucis,

192 1616 331 1694 quodque
353 1613 448 1694 palam
470 1623 561 1676 tutata
583 1614 685 1677 virosi
707 1617 750 1676 sic
772 1621 868 1677 cetera
890 1623 1001 1694 pergat,

193 1701 218 1761 si
240 1699 323 1760 valet.
368 1699 483 1761 insidiis
505 1700 577 1779 quid
599 1719 681 1761 nunc
702 1700 854 1762 fallacibus
877 1700 975 1774 ambit,

192 1792 293 1845 nostra
315 1791 349 1844 ut
370 1784 496 1846 Phrixeo
519 1785 686 1863 spolientur
707 1785 815 1865 templa
836 1782 977 1845 metallo?

187 1888 254 1943 non
278 1887 354 1948 opus
376 1868 483 1932 auxilio
508 1869 624 1930 Colchis
647 1888 702 1930 666
722 1870 841 1930 loedere
865 1876 972 1941 vestro,

192 1961 221 2015 et
243 1953 353 2015 Persen
376 1953 464 2014 simul
487 1961 516 2014 et
536 1953 649 2033 Minyas
671 1954 858 2034 deposcimus
880 1954 990 2014 hostes.

193 2038 265 2117 quin
287 2057 350 2117 age.
374 2038 445 2117 quid
469 2047 564 2102 tantae
586 2047 695 2100 coeunt
717 2039 748 2100 in
770 2038 882 2119 proclia
906 2034 1030 2118 gentes?

192 2123 263 2203 quid
285 2129 355 2183 tuus
378 2120 561 2184 Aesonides?
584 2125 660 2184 imus
683 2143 748 2199 nos,
771 2124 909 2202 protinus
933 2124 1010 2183 imus

194 2208 225 2269 in
248 2226 354 2269 nemus
377 2207 537 2268 auriferum
561 2215 589 2268 et
611 2209 736 2288 sumptis
759 2209 946 2270 decernimus
968 2208 1065 2267 amnis.

192 2293 237 2353 vel
258 2299 290 2352 tu
313 2292 375 2352 sola
396 2293 466 2372 polo
487 2293 582 2353 tacitis
604 2293 727 2371 inopina
748 2293 878 2354 tenebris

192 2377 305 2450 labere;
329 2385 458 2456 quantus
480 2377 520 2437 ibi
543 2377 616 2437 deus
638 2377 790 2456 experiere
812 2395 867 2438 nec
889 2377 952 2436 illas

192 2461 337 2522 adstiteris
359 2463 473 2541 inpune
495 2461 601 2523 trabes.
646 2481 682 2522 an
705 2461 807 2522 Martia
829 2462 937 2540 templa

192 2547 392 2607 intemeranda
413 2546 522 2621 minus,
545 2553 659 2608 tantum
681 2547 753 2607 mihi
775 2547 861 2609 lucus
884 2554 913 2607 et
935 2563 1025 2625 agger

192 2632 272 2710 quod
294 2630 386 2706 rudis,
410 2639 439 2692 et
459 2632 521 2692 sola
544 2631 670 2692 colimur
691 2631 716 2691 si
739 2632 876 2710 gentibus
898 2628 1025 2692 umbra?

194 2724 239 2777 cst
258 2735 342 2777 amor
363 2723 393 2776 et
414 2734 513 2776 rerum
536 2716 651 2777 cunctis
673 2716 764 2777 tutela
786 2735 916 2776 suarum.

194 2808 222 2862 et
244 2800 307 2875 tibi,
329 2818 436 2879 magne
458 2808 551 2879 pater,
574 2801 661 2861 terris
685 2800 804 2860 donaria
828 2808 950 2872 certant,

193 2894 239 2946 est
259 2886 357 2946 honor
378 2885 424 2945 his
447 2886 533 2946 ctiam
556 2903 638 2945 suus.
683 2897 726 2946 ost
749 2902 803 2963 ego
826 2884 903 2944 clara
925 2884 1061 2962 Mycenes

192 2970 331 3045 culmina,
352 2969 498 3048 virgineas
519 2969 644 3050 praeder
665 2969 690 3031 si
714 2969 853 3049 Cecropis
874 2987 966 3042 arces,

193 3054 250 3115 iam
273 3055 413 3128 coniunx,
437 3055 494 3116 iam
516 3062 545 3115 te
568 3053 677 3133 gemitu
700 3053 889 3132 lacrimisque
911 3053 1022 3114 tenebit

193 3145 260 3200 nata
282 3157 420 3218 querens.
464 3147 598 3200 metuant
620 3157 690 3218 crgo
712 3159 768 3200 nec
790 3139 858 3200 talia
880 3133 1023 3218 poscant?

235 3223 301 3283 Non
323 3223 392 3284 tulit
412 3224 484 3285 haec
507 3224 621 3299 animis,
645 3224 717 3304 quin
741 3225 829 3302 longa
851 3223 967 3283 silentia
989 3223 1083 3283 Pallas

193 3316 353 3387 rumperet
376 3309 510 3370 inridens
532 3309 749 3388 strepitumque
771 3309 926 3386 minasque
949 3308 1074 3369 Gradivi.
1190 3318 1236 3369 650

190 3386 265 3453 ‘non
287 3392 341 3452 tibi
363 3393 492 3468 Aloidae,
515 3395 623 3473 quibus
645 3395 717 3455 baec
737 3394 799 3455 lara
820 3411 973 3455 murmura
994 3394 1093 3468 iactes,

193 3497 253 3538 non
276 3477 427 3556 Lapithae,
451 3479 501 3540 sed
523 3473 626 3540 Pallas²
651 3479 705 3553 ait;
726 3471 836 3557 ‘neque
860 3495 914 3557 ego
937 3479 1038 3558 aegide
1060 3479 1156 3557 digna,

987 1783 989 1798 t

983 1845 988 1864 Ι

175 3697 234 3748 ott.
253 3695 333 3762 puppi
351 3711 379 3760 π,
397 3696 459 3762 pubi
476 3693 527 3749 Ha.
545 3695 606 3762 (cfr.
626 3695 672 3758 Vl,
691 3698 725 3759 5).
797 3697 854 3748 ott.
873 3696 924 3747 vidi
943 3713 977 3760 π,
995 3696 1046 3748 divi
1067 3694 1110 3746 Gr.
1130 3696 1181 3761 (lv,

100 3765 215 3898 {geum
230 3765 289 3882 6023.
308 3778 359 3814 666
378 3765 469 3830 queror
487 3762 534 3818 Be.
604 3766 661 3818 645.
680 3769 720 3815 ast
739 3761 786 3828 Be,
805 3780 857 3818 om.
873 3781 900 3814 π.
962 3768 1020 3818 618.
1039 3763 1138 3830 possint
1156 3781 1183 3830 n,
