2792 4340
455 213 715 272 audouavrlccu
731 217 827 272 LIBER
844 216 887 272 lV.
1198 215 1237 280 83

194 371 367 444 Aesonides,
386 365 442 434 ‘nil
462 365 559 446 fallis,³
582 371 631 446 ait,
653 389 855 452 praecepsque
875 373 1008 454 fragores
1193 388 1237 437 cis

195 476 249 536 per
271 455 384 518 medios
406 455 467 520 ruit
489 465 518 518 et
539 457 621 519 sumo
644 473 676 518 se
699 456 830 520 condidit
852 466 925 524 alno.

195 549 333 622 coeperat
353 541 425 604 hinc
446 542 554 604 cedens
576 541 709 604 abductis
730 542 882 606 mentibus
905 544 984 606 unda

193 627 272 688 lerre
293 634 385 687 ratem
407 626 571 706 pelagoque
593 626 656 688 dies
677 645 835 690 occurrere
856 636 968 707 aperio.

195 713 247 772 sed
269 729 365 789 neque
387 711 541 790 permissis
563 711 620 772 iam
642 712 768 776 sundere
789 721 887 774 rector
912 712 1034 776 habenis

195 796 266 870 vela,
290 815 345 857 nec
367 796 440 858 euili
461 796 550 858 remis
572 803 657 876 pote:
681 815 750 858 erun
772 815 862 876 super
883 798 990 862 adsuul
1192 810 1238 862 680

196 881 343 960 Cyaneae3
365 881 473 959 preuul
495 882 573 942 unda
594 889 687 944 raram
709 881 884 961 scopulique
905 883 1043 946 feruntur

196 966 371 1028 comminus.
414 966 463 1026 bic
484 965 558 1028 lunc
581 984 783 1044 praecepsque
805 985 839 1030 er
861 967 979 1032 acuere
1000 967 1095 1030 Pallas

196 1050 332 1114 insiliunt
352 1050 464 1129 pariter
484 1050 639 1128 scopulus:
665 1052 745 1114 hunc
768 1059 835 1114 nala
857 1061 984 1128 coercet,

195 1137 276 1196 hunc
299 1135 429 1198 coniunx
444 1135 536 1208 luvis;
560 1143 592 1196 ut
613 1135 707 1197 valido
730 1136 782 1214 qui
803 1136 911 1198 rcbcrc
933 1145 1034 1198 taurus

196 1220 252 1281 suh
274 1220 342 1298 iuga
364 1227 394 1281 cl
415 1219 505 1281 invilo
528 1219 737 1298 detorqueam
759 1219 809 1282 ilia
830 1239 934 1284 ccrnu.

91 1301 95 1306 '
195 1305 279 1378 inde,
302 1305 382 1366 velut
402 1305 508 1366 mmms
530 1301 690 1366 Vulcanius
712 1305 800 1366 ardor
821 1305 923 1372 ahenis

196 1397 291 1450 verset
312 1407 411 1467 aquas,
434 1389 477 1450 sic
499 1390 556 1450 ima
577 1390 718 1464 fremunt,
737 1390 889 1468 fluctuque
911 1397 1011 1452 coacte
1072 1449 1075 1456 .

195 1474 313 1552 angitur
335 1482 364 1534 et
384 1473 516 1536 clausum
539 1475 679 1552 scopulos
700 1493 791 1554 super
813 1475 908 1536 ellluil
928 1493 1047 1554 aequor.

195 1567 298 1620 ccnlra
320 1577 423 1622 omues
444 1558 546 1620 validis
568 1559 650 1621 tenui
673 1559 843 1622 discrimine
865 1560 954 1621 remis

194 1661 319 1723 pergere
339 1643 395 1708 iuer
415 1642 587 1720 mediusque
608 1652 701 1706 ratem
722 1646 882 1707 transferre
904 1663 958 1724 per
980 1644 1073 1717 iclus;
1191 1654 1236 1704 690

195 1747 262 1788 saxa
284 1729 334 1788 sed
357 1728 493 1792 ucenis
515 1736 612 1790 lamcn
635 1728 811 1807 increpuere
833 1729 990 1808 corymbis,

195 1831 321 1892 parsque
335 1814 449 1889 laesas)
472 1813 617 1892 deprensa
639 1813 732 1892 iugis3
757 1831 826 1876 nam
848 1821 944 1876 cetera
966 1811 1046 1874 caelo

195 1896 299 1958 debita.
344 1897 528 1960 conclamant
549 1897 680 1979 Minyae,
702 1899 792 1960 lalera
814 1905 940 1977 utraque
961 1897 1072 1976 quippe

195 1982 356 2043 dissiluisse
379 1989 493 2061 putant.
536 1981 612 2060 fugit
632 1983 695 2062 ipse
718 1982 895 2049 novissimus
916 1983 994 2044 ictus

195 2067 305 2146 Tiphys
328 2075 357 2127 ct
379 2087 395 2128 c
416 2067 521 2129 mediis
544 2068 679 2144 sequitur
700 2068 774 2130 lrcta
796 2075 879 2147 rapla
901 2067 1013 2140 ruinis;

195 2170 251 2212 nec
272 2151 356 2231 prius
379 2151 533 2214 obsessum
555 2153 687 2230 scapulis
709 2154 838 2233 respexit
859 2152 895 2214 ad
916 2169 1027 2231 aequor

193 2243 244 2295 aut
265 2236 353 2296 sociis
375 2244 514 2314 temptata
535 2236 634 2314 quies,
659 2238 805 2315 nigrantia
827 2255 915 2316 quam
938 2238 995 2298 iam

193 2321 278 2380 litora
300 2320 516 2399 longinquique
539 2321 653 2384 exirent
674 2321 796 2384 flumina
818 2321 945 2382 Rhebae.

193 2412 265 2465 lunc
286 2406 377 2468 lessus
399 2424 527 2484 posuere
548 2425 671 2479 manus,
694 2414 767 2468 lunc
788 2406 868 2468 arida
890 2404 988 2467 anheli

193 2498 322 2569 pectora,
346 2490 476 2552 discussa
498 2491 599 2567 quales
620 2490 778 2552 fomnidine
800 2489 907 2552 Averni

194 2575 310 2636 Alcides
332 2574 523 2653 Theseusque
545 2594 644 2638 comcs
665 2575 804 2654 pallentia
825 2575 954 2653 iungunt

193 2659 303 2732 oscula,
326 2659 372 2720 vin
394 2659 503 2736 primas
525 2661 650 2739 amplexi
672 2660 794 2724 luminis
816 2677 892 2722 oras.

236 2743 297 2804 Nec
318 2762 387 2804 vero
410 2745 474 2822 ipse
495 2754 592 2806 melus
615 2763 760 2823 curasque
782 2744 929 2806 resolvere
952 2744 1066 2817 ductor,

193 2829 245 2889 sed
265 2829 357 2889 maria
378 2837 532 2907 aspectans
552 2822 623 2892 ‘heu
646 2830 698 2907 qui
720 2829 804 2892 datus
825 2829 880 2890 iste
903 2828 1026 2894 cccrum

193 2920 272 2972 sorte
295 2913 378 2974 labor
400 2913 502 2974 ncbisl
526 2932 627 2974 verum
650 2923 684 2975 ul
704 2913 856 2978 veniamus
877 2912 913 2976 ad
935 2929 1052 2978 amnem

193 2996 325 3060 Phasidis
347 3006 377 3060 et
397 2992 491 3060 milcs'
517 2998 613 3076 inquit
632 2993 717 3059 ‘deul
738 2998 843 3063 vellera
867 2996 977 3070 ccum,

193 3082 272 3142 unde
294 3100 348 3161 per
370 3082 425 3144 hos
448 3082 555 3148 ilerum
577 3091 693 3144 montes
714 3077 820 3162 lugal'
843 3082 910 3148 ralia
930 3081 1038 3153 lundil„

194 3166 317 3244 imperio
340 3168 413 3231 linos
436 3166 511 3229 lovis
533 3175 745 3246 aeternumque
767 3167 914 3232 revinctos

193 3251 320 3314 nescius.
366 3252 396 3312 id
415 3251 467 3314 leli
488 3261 569 3316 certa
591 3271 659 3314 nam
681 3253 746 3331 lege
767 3252 912 3324 manebat,

192 3335 276 3413 siqua
299 3354 353 3414 per
374 3336 429 3400 hcs
452 3337 539 3400 undis
562 3356 701 3416 umquam
723 3338 794 3402 ralis
815 3337 886 3401 isscl
907 3334 1026 3414 apertis.
1188 3343 1234 3392 710

176 3519 235 3570 675.
253 3519 296 3569 vel
314 3518 378 3576 lallit
395 3534 429 3582 π,
448 3519 490 3572 vel
507 3519 575 3570 sullis
590 3535 632 3582 m,
650 3519 692 3570 vel
710 3518 782 3570 lallcr
800 3518 833 3582 C,
857 3518 892 3568 nil
910 3517 975 3568 lullis
987 3517 1055 3570 ·Scb.
1123 3517 1181 3567 676.

95 3589 161 3638 suso
180 3601 208 3645 n,
226 3585 296 3638 lamo
315 3585 342 3637 C.
413 3588 471 3638 677.
489 3586 628 3640 incendens
645 3603 674 3646 a,
693 3585 814 3638 incedens
834 3585 867 3649 C,
891 3585 949 3638 hinc
974 3584 1066 3639 cedens
1085 3583 1131 3635 He.
1147 3609 1182 3620 -

95 3652 223 3708 adductis
241 3669 269 3718 π,
288 3653 404 3706 abductis
421 3653 444 3706 J.
515 3657 573 3708 681.
592 3655 680 3710 umbra
698 3671 727 3714 π,
744 3652 811 3706 uude
831 3653 892 3721 Sep.
911 3653 972 3716 (cfr.
988 3652 1035 3710 ΙΙΙ,
1053 3653 1122 3714 526).
1161 3718 1166 3728 Ι

94 3723 164 3777 682.
182 3720 245 3772 lunc
263 3722 299 3786 B,
318 3737 368 3774 cm.
386 3738 415 3772 π.
487 3725 545 3775 666.
562 3722 648 3774 mixtis
665 3735 694 3785 π,
710 3722 802 3774 mixtas
819 3719 871 3776 Hc.
882 3749 915 3762 -
933 3719 1032 3772 harenis
1048 3735 1077 3784 n,
1095 3717 1182 3774 alienus

95 3791 166 3842 Sub.
238 3792 296 3844 698.
316 3790 410 3856 phoebi
428 3807 457 3856 π,
474 3789 545 3842 rhebi
565 3787 613 3860 CJ,
630 3789 722 3848 thebae
738 3789 782 3842 132.
870 3791 927 3843 705.
946 3801 1030 3843 serum
1046 3803 1075 3852 π,
1092 3801 1180 3838 venum

93 3859 169 3910 Bur.

993 3907 1130 3993 St.
