2734 4356
615 224 641 276 G.
660 221 778 276 vntum
796 221 908 276 alacer

288 378 425 458 tegmina,
449 377 504 438 iam
528 376 611 438 vittas
632 376 827 454 frondemque
850 376 966 437 inbellis
987 376 1089 439 olivae.

287 463 392 526 Graius
414 463 503 536 adest,
525 461 611 524 Graio
633 461 675 522 sic
698 469 803 522 cuncta
825 461 970 523 simillima
991 453 1119 524 Phsiuo.³

331 548 380 610 Sic
401 547 449 610 ait.
495 554 524 609 at
544 548 628 620 luno,
652 547 810 625 pulchrum
832 546 1003 625 longissima
1025 548 1144 626 quaudo

287 633 380 696 robur
401 650 472 694 cura
494 632 576 694 ducis
598 632 757 710 magnique
780 631 866 692 edere
888 631 1013 708 labores,

286 718 365 778 mole
387 735 461 778 nera
483 725 512 778 et
534 735 634 778 roseae
657 716 786 795 perfudit
808 715 874 778 luce
897 717 1039 780 iuventae.

287 803 344 862 iam
365 801 486 862 Talaum
508 802 624 880 iamque
648 801 827 880 Ampyciden
850 810 987 880 astroque
1010 811 1159 866 comantes

288 886 468 966 Tyndaridas
490 886 554 966 ipse
577 886 695 965 egregio
718 887 917 964 supereminet
939 904 1000 948 ore.

288 990 349 1032 non
372 989 466 1044 secus,
491 979 632 1032 autumno
655 990 743 1051 quam
766 989 833 1032 curn
855 971 947 1050 magis
969 979 1086 1051 asperat
1107 975 1193 1053 ignes

289 1055 1086 1118 mmmmmmMm'

288 1139 424 1202 luciferas
447 1140 551 1202 crinita
573 1141 661 1214 laces,
684 1140 771 1201 hehet
794 1142 883 1200 Arcas
906 1141 1061 1219 elingens

287 1224 435 1305 luppiter;
459 1233 503 1286 ast
524 1225 607 1287 illum
629 1233 689 1286 tote
713 1245 773 1286 uon
797 1225 919 1302 gliscere
942 1226 1021 1286 caelo

288 1309 373 1371 vellet
394 1329 473 1390 ager,
496 1310 604 1372 vellent
626 1310 725 1372 calidis
748 1310 805 1370 iam
827 1309 959 1370 fontibus
982 1329 1091 1372 amnes.

287 1394 398 1471 regina,
422 1395 544 1456 attonite
567 1412 743 1474 quamquam
766 1413 856 1474 pavor
878 1413 929 1455 ore
951 1395 1085 1456 silentem

288 1478 441 1552 exanimet,
463 1479 566 1540 mirata
587 1487 684 1540 tamen
706 1479 886 1558 paulumque
909 1480 1037 1541 reductis

287 1561 422 1642 passibus
444 1562 474 1623 in
497 1561 560 1624 solo
583 1563 696 1643 stupuit
718 1563 801 1625 duce.
847 1583 902 1624 nec
923 1565 1022 1626 minus
1043 1565 1121 1627 inter

287 1647 336 1708 ille
357 1653 401 1707 tot
423 1646 516 1725 ignoti
539 1648 632 1709 socias
655 1648 752 1727 gregis
774 1649 875 1710 haeret
896 1649 926 1709 in
949 1668 1008 1710 una

288 1731 399 1794 defixus
422 1732 570 1810 sentitque
592 1733 697 1795 ducem
720 1733 927 1812 dominamque
949 1741 1087 1795 catervae.

285 1810 323 1876 ‘si
346 1816 408 1890 dea,
431 1817 456 1878 si
478 1818 575 1896 magni
599 1817 689 1880 decus
711 1819 769 1878 huc
791 1814 867 1880 ades’
892 1817 989 1896 inquit
1008 1812 1149 1899 ‘Olympl

288 1901 341 1962 has
364 1919 417 1980 ego
441 1902 528 1963 crede
550 1903 637 1977 laces,
661 1904 732 1964 haec
755 1903 876 1982 virginis
898 1921 949 1962 ora
971 1903 1088 1979 Dianae,

288 1993 376 2064 teque
398 1986 568 2046 renodatam
590 1987 737 2065 pharetris
759 2005 792 2050 ac
814 2006 886 2066 pace
907 1987 1054 2050 fruentem

287 2070 323 2130 ad
345 2087 397 2129 sua
420 2068 582 2132 Caucaseae
604 2071 773 2150 producunt
794 2072 917 2133 llumina
938 2072 1097 2152 Nymphae.

287 2152 312 2214 si
335 2153 493 2214 demusin
515 2153 602 2215 terris
623 2155 718 2234 adque
740 2156 811 2218 hinc
833 2156 884 2217 tibi
908 2157 1004 2235 gentis
1026 2157 1119 2237 origo,

286 2236 356 2300 lelix
377 2237 461 2318 prole
483 2257 601 2318 parens,
625 2241 754 2320 olimque
776 2241 888 2303 heatior
909 2241 967 2315 ille,

288 2322 340 2402 qui
361 2322 461 2384 tulerit
483 2324 579 2402 longis
601 2333 630 2386 et
651 2333 679 2386 te
701 2326 757 2388 sihi
780 2325 907 2388 iunxerit
929 2326 1024 2387 annis

287 2407 338 2469 sed
359 2409 404 2469 ser
427 2427 523 2487 opem,
546 2410 656 2488 regina,
680 2411 758 2472 viris.
803 2429 858 2472 nos
880 2410 995 2490 hospita
1017 2411 1110 2490 pubes

286 2491 466 2565 advehimur,
490 2493 608 2554 Graium
631 2513 770 2572 proceres
792 2503 841 2557 tua
862 2503 937 2557 tecta
958 2501 1101 2574 petentes.

287 2575 353 2649 duc,
376 2593 491 2654 precor,
515 2577 551 2638 ad
572 2578 660 2640 vestri
682 2579 863 2658 quicumque
884 2589 928 2642 est
950 2598 1001 2640 ora
1023 2580 1149 2659 tyranni,

287 2677 320 2720 ac
342 2664 374 2718 tu
397 2659 491 2737 prima
513 2661 585 2724 dece
606 2662 687 2724 laudi
708 2671 884 2742 tempusque
906 2665 1095 2744 modumque.

287 2761 355 2806 nean
375 2743 448 2804 mihi
469 2745 595 2808 sollicito
618 2747 690 2808 deus
712 2748 874 2827 ignemque
896 2750 1030 2810 locorum

286 2836 315 2890 te
337 2828 432 2904 dedit3
455 2830 486 2892 in
509 2839 537 2892 te
559 2832 673 2894 animos
695 2834 789 2912 adque
812 2834 909 2896 omnia
932 2841 1032 2894 nosha
1053 2827 1188 2914 repono?

329 2913 406 2976 Dixit
428 2923 457 2976 et
479 2917 639 2996 opperiens
661 2919 806 2997 trepidam
828 2919 915 2980 stetit.
959 2919 1009 2979 illa
1030 2937 1191 2999 parumper

285 2997 417 3076 virgineo
440 3008 575 3062 cunctata
597 3009 677 3062 metu
700 3002 742 3064 sie
765 3022 831 3064 orsa
852 3002 994 3064 vicissim:

282 3075 383 3160 ‘quem
406 3083 482 3161 petis
505 3086 630 3158 Aeeten,
655 3087 770 3163 genitor
790 3106 889 3160 meus,
912 3087 1034 3166 ipsaque
1056 3087 1135 3150 iuxta

284 3166 411 3239 moenia,
433 3167 457 3228 si
479 3167 572 3230 hines
593 3169 691 3248 possis
712 3171 879 3235 discemere
901 3171 997 3234 calles

285 3249 340 3310 hac
362 3251 434 3312 adeo
457 3253 531 3314 duce
552 3254 627 3314 lerte
649 3257 772 3334 gradum
795 3257 925 3336 ingentia
947 3275 1075 3335 nanque

287 3341 380 3394 cestra
402 3336 474 3398 alios
496 3338 591 3400 aditus
612 3339 707 3418 adque
729 3340 838 3419 impius
859 3341 972 3402 ohsidet
993 3337 1107 3402 hostis?

286 3417 396 3478 dixerat
416 3420 489 3482 haee
510 3424 696 3502 patriumque
719 3425 794 3486 viam
816 3427 971 3503 detorquet
991 3427 1028 3487 ad
1049 3441 1175 3498 amnem,

286 3521 426 3582 sacraque
448 3507 591 3568 terrificae
612 3509 738 3587 supplex
759 3518 856 3570 moret
877 3510 965 3572 inrita
988 3510 1082 3571 Nocti.

269 3723 326 3774 369.
344 3725 368 3772 et
386 3737 415 3785 π,
432 3727 476 3773 ant
494 3720 554 3774 Sed.
573 3723 632 3784 tolle
653 3723 734 3790 Ver-g.
752 3726 814 3778 Aen.
833 3725 863 3790 ll,
881 3728 931 3779 att
948 3729 1007 3793 eq).
1075 3730 1134 3781 dil.
1155 3733 1227 3782 tanto
1244 3743 1275 3796 π,

202 3791 258 3839 loto
275 3789 322 3840 Pl.
341 3788 384 3842 W.
403 3791 491 3852 (etth
510 3805 545 3840 ou
564 3791 661 3842 tacito?
716 3793 912 3846 375.i11solito
928 3811 957 3856 π,
974 3795 1000 3846 iu
1017 3795 1075 3848 selo
1093 3796 1139 3847 Ile.
1210 3800 1271 3852 373.

202 3870 268 3908 arma
285 3872 313 3916 n,
331 3871 374 3909 ora
394 3856 490 3920 Clcsr.
509 3856 552 3920 ll',
570 3859 638 3915 333).
706 3862 764 3912 334.
782 3861 857 3914 uiros
874 3877 902 3919 π,
919 3861 1003 3914 biuios
1021 3863 1067 3916 lle.
