2764 4340
546 173 573 224 G.
591 171 710 224 VALERI
726 171 836 224 mucor

236 345 325 407 verba
347 345 439 406 dubis.
483 345 527 405 sie
549 364 616 406 oum
638 343 759 406 stabulis
781 351 810 405 et
830 342 975 405 messibus
997 340 1103 420 ingens

238 431 283 492 ira
304 432 392 492 deum
414 437 443 491 et
465 430 577 492 Calabri
598 430 756 511 populator
777 428 873 490 Sirius
894 427 954 508 arri

237 515 382 592 incubuit,
405 515 464 576 coit
485 523 632 594 agrestum
653 533 758 576 manus
780 515 864 575 anxia
885 513 1017 593 priscum

236 602 268 662 in
291 619 396 662 nemus
418 608 448 662 31
467 601 583 662 miseris
604 601 692 661 dietat
712 600 760 680 pia
779 607 846 660 vote
866 598 1013 660 sacerdos.

237 704 306 748 ecoe
334 693 431 748 autem
452 687 534 746 molli
555 686 699 766 zephyros
720 685 897 746 descendere
917 683 1002 762 lapsu

237 771 400 850 aspiciunt3
422 771 500 832 volat
520 771 650 832 inmissis
673 789 740 831 oara
761 771 851 849 pinus
872 768 995 830 habenis

237 856 413 935 infinditque
434 857 528 918 salum
551 864 579 917 et
600 873 720 936 spumas
741 854 832 916 vomit
852 855 926 916 aere'
940 853 1075 915 tridenti:

236 941 348 1021 Tiphys
369 942 430 1020 agit
449 941 588 1020 tacitique
609 942 712 1002 sedent
733 940 769 1002 ad
789 941 869 1001 iussa
889 939 1033 1014 ministri;

237 1026 362 1104 qualiter
383 1026 419 1087 ad
440 1027 547 1088 summi
568 1027 675 1087 solium
696 1026 772 1086 lovis
793 1024 891 1086 omnia
912 1025 1024 1085 oiroum

238 1129 333 1191 prona
354 1120 454 1191 parata
477 1113 541 1188 deo,
564 1112 703 1190 ventique
725 1111 895 1188 imbresque
915 1109 1057 1189 nivesque

236 1196 413 1275 fulguraque
436 1205 465 1258 et
485 1197 614 1258 tonitrus
636 1205 665 1260 et
686 1197 782 1258 adhue
803 1195 834 1256 in
855 1195 988 1256 fontibus
1010 1213 1120 1256 amnes.

322 1282 361 1341 dt
381 1281 496 1343 subitus
518 1301 648 1361 curaque
670 1282 775 1342 ducem
796 1288 894 1342 metus
914 1280 1012 1340 aerior
1033 1278 1113 1342 omni

236 1383 380 1444 mensque
400 1367 469 1427 mali
491 1385 631 1446 praesaga
652 1367 754 1445 quatit,
777 1366 856 1444 quod
878 1365 957 1444 regis
978 1367 1097 1427 adortus

236 1450 410 1530 progeniem
430 1459 575 1530 raptoque
596 1450 671 1512 dolis
693 1451 820 1511 erudelis
842 1451 948 1512 Acasto

238 1542 335 1596 cetera
355 1536 435 1596 nuda
457 1537 524 1597 neoi
544 1536 701 1615 medioque
722 1535 754 1595 in
776 1535 900 1596 erimine
920 1544 1033 1615 patrem

235 1619 357 1698 liquerit
377 1639 411 1681 33
433 1620 524 1682 nullis
545 1621 664 1700 inopem
685 1620 832 1682 vallaverit
852 1621 966 1696 armis‚‘

198 1701 203 1714 s
236 1705 301 1785 ipse
322 1705 427 1785 prooul
449 1725 530 1767 nuno
551 1713 614 1768 tuta
635 1713 750 1782 133333,
773 1713 839 1766 ruat
860 1706 959 1767 omnis
979 1705 1010 1766 in
1032 1705 1099 1766 illos

237 1791 349 1871 quippe
368 1792 468 1852 furor:
492 1811 548 1853 neo
568 1811 641 1854 vana
662 1799 747 1872 pavet
767 1791 953 1871 trepidatque
974 1791 1092 1852 futuris.

322 1876 418 1937 Saevit
439 1884 522 1937 auor
543 1876 637 1938 Pelias
659 1877 837 1954 inimicaque
858 1875 966 1937 vertioe
988 1875 1024 1936 ab
1046 1875 1103 1937 3113

236 1961 299 2022 vela
320 1960 398 2021 videt
418 1980 474 2022 neo
493 1979 551 2039 qua
573 1980 605 2022 se
626 1961 732 2022 ardens
755 1960 905 2022 effundere
925 1961 1045 2040 possit*

237 2044 281 2106 nil
303 2045 402 2119 animi,
426 2045 469 2106 nil
490 2063 582 2124 regna
602 2046 718 2120 iuvant;
740 2045 839 2106 fremit
860 2045 944 2106 obioe
965 2046 1050 2125 ponti

238 2129 335 2190 clausa
357 2130 464 2190 cohors
485 2130 611 2208 telisque
633 2131 727 2198 salum
748 2129 920 2208 facibusque
942 2138 1085 2192 eoruseet

237 2215 309 2276 haut
330 2232 425 2290 secus,
448 2215 583 2277 aerisona
604 2216 724 2278 volucer
746 2234 814 2276 oum
835 2214 979 2278 Daedalus
1001 2234 1052 2278 ora

236 2299 375 2380 prosiluit
395 2301 534 2380 iuxtaque
555 2319 654 2362 eomes
675 2301 858 2362 brevioribus
880 2300 943 2377 3113,

237 2385 318 2446 nube
339 2404 414 2446 nova
436 2385 592 2464 linquente
613 2387 725 2462 (131333,
747 2386 858 2448 Μ13313
878 2387 988 2447 frustra

236 2469 389 2530 infremuit
409 2488 514 2531 manus
535 2477 565 2531 et
585 2471 650 2531 visu
670 2472 796 2532 lassatur
816 2470 897 2531 inani

237 2553 334 2614 omnis
356 2573 447 2633 eques
469 2554 624 2635 plenisque
646 2555 722 2616 redit
743 2556 872 2634 Gortyna
893 2555 1050 2634 pharetris.

237 2637 310 2718 quin
333 2638 419 2700 etiam
440 2640 472 2700 in
493 2640 626 2702 1113133313
649 2640 805 2719 primoque
826 2639 857 2701 in
879 2640 980 2703 limine
1002 2640 1099 2702 Acasti

235 2724 321 2785 fusus
342 2724 433 2786 humo
456 2724 570 2786 iuvenis
592 2743 713 2804 gressus
735 2733 764 2787 et
785 2725 883 2788 inania
904 2726 987 2805 signa

238 2827 289 2870 ore
311 2809 429 2889 premit,
452 2810 622 2890 sparsisque
643 2811 751 2890 legens
767 2810 886 2890 vestigia
908 2811 990 2872 oanis

239 2898 278 2954 ‘te
299 2913 420 2974 quoque
442 2895 499 2956 iam
520 2896 624 2957 maesti
645 2897 745 2957 forsan
768 2897 910 2975 genitoris
932 2897 1038 2974 imago,

238 2980 325 3054 nate‚'
347 2980 387 3040 ait
409 2983 448 3040 ‘et
469 2980 568 3040 luctus
590 2980 720 3042 subeunt
741 2982 868 3061 suspiria
890 2980 994 3056 nostri,

237 3063 355 3142 iamque
377 3063 460 3124 dolos
482 3065 652 3145 oheumque
673 3066 766 3127 trucis
788 3066 956 3128 discrimina
977 3065 1027 3125 leti

237 3148 318 3209 mille
339 3149 428 3210 rides.
472 3169 531 3229 qua
553 3157 591 3226 13,
613 3150 724 3227 infelix,
746 3152 854 3230 quibus
876 3147 1119 3228 insequereris?
1166 3167 1177 3202 ’.
1226 3159 1271 3211 115

238 3252 298 3293 non
321 3233 471 3312 Soythioas
492 3236 573 3297 ferus
595 3236 645 3298 ille
665 3238 768 3298 domos
791 3256 846 3297 neo
867 3235 903 3296 ad
925 3235 999 3296 ostia
1019 3235 1107 3298 Ponti

238 3317 333 3378 tendit
355 3318 420 3394 iter,
442 3321 531 3381 falsae
554 3322 606 3383 sed
628 3330 745 3402 captum
767 3320 861 3384 laudis
882 3338 982 3382 amore

239 3411 276 3479 te,
299 3422 384 3482 puer,
407 3403 438 3464 in
461 3409 579 3480 nostrae
601 3407 693 3468 durus
716 3414 861 3467 tormenta
882 3413 1016 3468 senectae

237 3507 319 3570 nuno
346 3488 461 3551 lauerat.
506 3492 592 3554 oelsis
613 3511 651 3553 an
673 3491 696 3554 si
719 3492 793 3552 freta
813 3491 965 3571 puppibus
987 3499 1086 3554 essent

236 3571 345 3653 pervia,
367 3592 429 3635 non
451 3574 528 3637 ultro
551 3576 670 3638 iuvenes
692 3577 874 3656 classemque
896 3573 1062 3639 dedissem?
1224 3574 1272 3630 ’110

658 3700 679 3736 Ι

153 3859 179 3911 A
206 3793 380 3925 ,7ἷ11ὶ913ἳ13
397 3811 441 3847 ors
461 3794 487 3860 0,
504 3793 546 3845 lda
564 3795 605 3846 Pr.
674 3798 731 3848 110.
750 3795 820 3847 humi
837 3794 887 3847 llB
906 3795 968 3856 (err.
991 3795 1117 3848 11111331.
1145 3761 1249 3864 Vergo-

179 3875 219 3912 σῃ,
247 3898 254 3925 ‚
307 3871 341 3913 ·‚
1113 3897 1124 3906 ,s
