2724 4340
596 219 621 270 (l.
639 213 758 269 vhuuttt
775 213 886 268 rutum

262 392 354 470 pestis
376 399 406 453 et
428 390 538 452 offusae
560 389 655 451 media
677 388 851 450 interdicta
873 386 1020 448 tenebrae.

263 475 319 536 iam
341 475 459 537 tandem
482 493 596 538 cessere
618 474 694 549 irae;
717 491 772 534 nec
795 491 880 534 casus
902 471 938 532 ab
960 470 1029 545 alto,

263 560 327 640 ipse
348 561 450 622 volens
472 560 583 621 nostris
605 559 657 620 sed
678 577 729 620 vos
752 559 824 619 deus
847 555 961 638 appulit
982 548 1061 616 oris.’

263 646 305 708 sic
328 646 368 706 ait
389 653 426 720 et,
449 645 515 706 fatis
537 644 577 705 ita
599 644 655 704 iam
679 642 861 717 cedentibus,
885 659 987 702 omnes
1255 651 1300 702 485

262 730 371 809 inpulit
393 739 421 791 et
443 729 532 791 durae
555 729 712 790 commovit
732 728 858 808 imagine
880 743 1003 808 poenae.

262 815 416 876 instituere
438 823 520 876 toros
541 814 706 893 mediisque
727 812 873 892 tapetibus
895 811 994 892 ipsum

263 900 413 980 accipiunt
434 900 606 979 circumque
628 898 741 974 iacent;
764 898 850 959 simul
873 913 1001 976 aequora
1024 902 1140 956 servant

262 993 340 1047 astra
361 985 458 1061 simul,
481 984 617 1064 vescique
639 983 742 1044 iubent
763 1001 797 1044 ac
818 981 934 1043 mittere
955 997 1056 1042 curas:

263 1089 331 1132 cum
353 1070 469 1131 subitus
490 1071 599 1130 misero
621 1076 732 1130 tremor
754 1076 782 1130 et
802 1066 941 1147 pallentia
962 1065 1074 1145 primae

263 1173 314 1216 ora
337 1155 416 1217 senis
438 1155 541 1236 fugere
563 1173 678 1216 manus.
723 1172 779 1214 nec
800 1152 915 1232 prodita
937 1149 1028 1230 pestis

262 1248 340 1316 ante,
364 1240 467 1302 sedin
490 1240 594 1304 mediis
617 1238 741 1319 dapibus
762 1238 860 1299 videre
882 1236 1026 1296 volueres.

261 1328 371 1405 fragrat
392 1326 515 1387 acerbus
538 1326 612 1386 odor
633 1324 780 1405 patriique
801 1322 914 1401 expirat
935 1320 1042 1382 Averni

262 1409 387 1484 halitus;
410 1428 505 1471 unum
527 1427 630 1469 omnes
652 1409 799 1470 incessere
822 1405 998 1488 planctibus,
1022 1423 1115 1465 unum

262 1494 401 1556 infestare
423 1511 545 1568 manus3
568 1492 661 1555 inhiat
683 1493 799 1573 Cocytia
822 1491 917 1553 nubes

262 1580 415 1640 luxurians
437 1579 562 1658 ipsoque
583 1578 683 1639 ferens
704 1578 819 1639 fastidia
840 1577 915 1638 visu

261 1672 325 1726 tum
347 1664 408 1726 sola
431 1663 566 1725 conluvie
587 1663 682 1744 adque
704 1661 799 1724 inlisis
821 1661 960 1723 stramina
981 1661 1093 1723 mensis

261 1749 346 1811 foeda
368 1748 480 1829 rigant;
504 1748 632 1826 stridunt
654 1749 731 1823 alae,
753 1748 919 1829 praedaque
941 1754 1052 1808 retenta

262 1834 351 1897 saevit
372 1835 522 1914 utrimque
543 1834 650 1909 fames;
673 1852 729 1896 nec
751 1833 847 1895 solum
868 1830 1017 1893 horrenda
1041 1831 1166 1894 Celaeno

261 1919 389 1995 Phinea,
413 1920 464 1980 sed
487 1918 608 1980 miseras
631 1919 716 1980 etiam
739 1918 896 1998 prohibere
919 1935 1045 1978 sorores

263 2004 367 2066 emicat
388 2003 436 2064 hio
459 2003 557 2064 subito
579 2021 703 2082 seseque
725 2002 881 2082 Aquilonia
903 2000 1002 2082 proles

263 2107 331 2150 curn
354 2088 481 2148 clamore
502 2087 586 2163 levat,
610 2088 726 2166 genitor
748 2087 836 2148 simul
858 2087 967 2167 inpulit
988 2087 1057 2148 alas.

262 2174 346 2234 hoste
368 2189 445 2233 novo
460 2171 575 2234 turbata
597 2172 661 2233 lues
684 2171 841 2252 lapsaeque
864 2172 984 2251 rapinae

261 2258 416 2334 faucibus,
440 2265 468 2319 et
489 2256 619 2338 primum
641 2257 760 2337 pavidae
782 2256 903 2319 Phineia
925 2263 1001 2318 tecta

261 2344 453 2425 pervolitant,
476 2360 544 2403 mox
566 2343 622 2404 alta
644 2350 766 2423 petunt;
790 2349 868 2404 stant
888 2343 974 2403 litore
996 2341 1046 2402 fixi

262 2428 459 2489 Haemonidae
481 2428 574 2508 adque
597 2427 690 2490 oculis
712 2428 840 2509 palantia
861 2434 993 2489 monstra
1015 2433 1167 2489 secuntur.

263 2511 340 2574 sicut
361 2512 499 2591 prorupti
522 2512 620 2572 tonuit
642 2530 709 2573 cum
731 2512 807 2573 forte
830 2512 932 2574 Vesevi

261 2595 421 2675 Hesperiae
443 2595 537 2657 letalis
559 2614 648 2675 apex,
672 2596 789 2658 vixdum
811 2597 897 2677 ignea
917 2603 1048 2658 montem

260 2680 346 2741 torsit
367 2680 483 2760 hiemps
505 2679 621 2762 iamque
643 2699 711 2742 eoas
733 2681 808 2743 cinis
830 2681 926 2743 induit
947 2680 1056 2742 urbes:

260 2765 380 2828 turbine
402 2765 444 2827 sio
467 2765 568 2847 rapido
590 2767 719 2847 populos
741 2767 835 2847 adque
858 2784 985 2847 aequora
1007 2766 1095 2846 louge

261 2851 467 2927 transaheuot,
491 2852 630 2932 nullaque
653 2852 740 2914 datur
761 2852 915 2914 considere
937 2859 1025 2913 terra.
1088 2926 1091 2930 ,

260 2936 377 3016 iamque
400 2945 428 2998 et
450 2936 485 2997 ad
507 2936 582 2997 lonii
604 2944 695 2998 metas
718 2939 812 3017 adque
835 2937 936 2998 intima
958 2936 1085 2998 tendunt

261 3038 343 3097 saxa3
366 3028 449 3083 vocat
470 3021 569 3100 magui
591 3021 770 3101 Strophadas
793 3041 874 3084 nuuc
896 3022 992 3083 incola
1013 3019 1106 3101 ponti.

260 3106 309 3167 hio
330 3106 425 3168 fessae
447 3103 556 3184 letique
579 3113 657 3166 metu
680 3107 829 3187 propioris
852 3106 973 3168 anhelae

261 3190 330 3251 dum
353 3191 500 3272 trepidant
521 3189 684 3269 humilique
707 3209 807 3270 graves
828 3191 990 3270 timidoque
1011 3189 1108 3250 volatu

260 3274 411 3354 inplorant
433 3276 559 3337 clamore
581 3281 694 3355 patrem
717 3277 859 3356 Typhona
882 3276 1019 3351 nefando,

260 3359 364 3421 extulit
385 3361 547 3440 adsurgens
570 3366 686 3422 noctem
708 3369 792 3441 pater
814 3361 929 3440 imaque
952 3359 1074 3421 summis

259 3443 393 3520 miscuit,
417 3453 446 3505 et
467 3444 570 3506 mediis
592 3464 647 3506 vox
670 3446 801 3508 exaudita
823 3445 968 3507 tenebris:

256 3523 326 3590 ‘iam
349 3529 418 3591 satis
440 3529 499 3591 huc
520 3530 670 3610 pepulisse
692 3533 769 3593 deas.
815 3549 870 3593 cur
889 3529 1009 3592 tenditis
1031 3528 1107 3590 ultra

261 3613 292 3676 in
314 3613 437 3676 famulas
460 3613 569 3677 saevire
591 3615 676 3694 lovis,
699 3635 782 3696 quas,
804 3615 928 3678 fulmina
950 3629 1126 3695 quamquam
1255 3625 1306 3680 520

244 3817 302 3872 497.
320 3816 410 3869 inlusis
427 3831 455 3880 n,
474 3814 555 3867 inlisis
573 3813 625 3867 Mo.
713 3820 771 3872 50³.
790 3818 927 3884 minoen,
950 3817 1053 3885 rapinae
1073 3811 1112 3866 Pi.
1189 3813 1246 3866 tot.

175 3881 273 3939 sicubi
292 3901 320 4004 rq
339 3885 404 3940 sieut
424 3883 495 3948 Set,
515 3887 590 3950 atque
607 3887 636 3934 ut
657 3882 703 3938 rt.
