2792 4340
569 173 596 227 G.
613 172 732 224 VALEHI
747 173 858 226 FLACGI

280 331 357 392 Tum
378 332 468 405 freta,
492 348 565 408 quae
587 330 685 409 longis
700 331 823 410 ⁸fueraut
844 327 975 407 inpervia
995 331 1109 405 saeclis,

239 417 276 479 ad
298 415 423 478 subitam
445 422 587 495 stupuere
609 423 710 488 ratem,
733 414 879 492 Pontique
901 414 1024 477 iacentis

239 521 328 562 omne
350 502 446 561 solum
466 519 611 580 regesque
633 507 735 579 patent
757 506 918 577 gentesque
939 509 1083 579 repostae.

238 605 300 647 non
323 586 391 646 alibi
413 585 514 647 effusis
536 593 690 647 cesserunt
711 584 830 662 longius
852 583 940 644 undis

238 671 340 746 litora,
364 690 419 732 neo
441 678 546 732 tenues
568 671 699 749 quamvis
721 669 892 748 Tyrrhenus
916 678 945 730 et
966 669 1067 748 Aegon

237 756 332 817 volvat
353 774 444 835 aquas
466 755 590 834 geminis
612 755 658 815 vel
680 754 777 816 desint
798 753 933 833 Syrtibus
954 755 1060 816 undae.

238 848 267 901 at
289 859 381 920 super
401 842 460 902 huc
482 848 578 902 vastos
600 840 688 901 tellus
710 857 829 918 quoque
851 839 986 918 congerit
1008 857 1119 902 amnes.

239 945 311 986 num
333 925 558 1005 septemgemini
578 943 740 996 memorem
761 942 835 1003 quas
856 923 952 985 exitus
973 923 1075 1000 Histri,

239 1029 312 1089 quas
333 1011 441 1072 Tanais
462 1011 614 1089 flavusque
635 1010 728 1089 Tyres
748 1008 940 1088 Hypanisque
961 1009 1114 1088 Novasque

238 1095 323 1156 addat
344 1113 426 1175 opes,
449 1103 635 1176 quantosque
657 1095 740 1155 sinus
762 1094 885 1154 Maeotia
906 1094 1004 1155 laxent

237 1177 387 1259 aequora?
419 1181 559 1242 flumineo
582 1181 625 1241 sio
647 1180 763 1259 agmine
783 1179 872 1257 fregit
893 1179 983 1240 amari

237 1265 296 1325 vim
317 1264 385 1326 salis
407 1266 478 1326 hinc
500 1267 611 1327 Boreae
634 1265 741 1326 cedens
765 1264 957 1343 glaciantibus
982 1263 1062 1325 auris

237 1348 352 1410 Pontus
374 1357 404 1409 et
425 1358 525 1410 exorta
546 1349 640 1410 facilis
662 1367 854 1410 concrescere
875 1349 988 1408 bruma.

239 1440 332 1512 utque
353 1435 399 1493 vel
421 1435 550 1494 inmotos
571 1452 659 1494 ursae
679 1433 762 1512 rigor
783 1433 894 1494 invenit
915 1451 1025 1508 amnes,

236 1518 282 1578 vel
303 1517 377 1578 freta
399 1536 482 1578 versa
503 1518 592 1594 vadis
615 1517 742 1578 hiemem
764 1518 807 1578 sic
828 1517 907 1579 unda
929 1535 1123 1598 peromnem

238 1609 288 1664 aut
310 1620 414 1682 campo
436 1603 520 1677 iacet,
543 1609 594 1664 aut
615 1602 728 1664 tumido
751 1602 826 1681 riget
847 1603 937 1664 ardua
958 1603 1061 1678 ductu,

238 1695 325 1766 atque
347 1688 401 1748 bac
423 1687 574 1769 Europam
597 1688 693 1750 curvis
714 1687 894 1750 anfractibus
916 1695 1032 1766 urguet,

237 1773 293 1832 hac
314 1773 413 1834 Asiam
435 1773 605 1853 Scythicum
627 1773 726 1853 specie
747 1773 882 1834 sinuatus
904 1773 936 1833 in
957 1791 1068 1834 arcum.

237 1857 298 1918 illic
319 1858 476 1920 umbrosae
498 1877 616 1938 semper
637 1865 716 1920 stant
736 1875 864 1936 aequore
886 1857 981 1918 nubes

238 1949 267 2002 et
288 1961 350 2003 non
373 1951 452 2004 certa
474 1944 545 2018 dies,
568 1944 664 2023 primo
686 1960 743 2003 neo
764 1943 827 2003 sole
847 1942 1030 2022 profundum
1236 1951 1285 2003 7³0

238 2026 362 2086 solvitur
383 2035 433 2087 aut
454 2026 551 2088 vernis
574 2045 642 2088 cum
663 2027 714 2087 lux
735 2034 857 2105 aequata
878 2027 1017 2102 tenebris,

239 2110 290 2172 sed
311 2110 387 2172 redit
408 2117 539 2173 extremo
560 2110 679 2172 tandem
701 2112 731 2172 in
754 2130 807 2172 sua
828 2111 914 2172 litora
935 2119 1030 2172 tauro.

279 2194 341 2256 lam
355 2195 554 2278 Mariandynis
568 2195 690 2258 advertit
712 2197 822 2276 puppis
843 2196 971 2272 harenis

160 2355 166 2364 ἢ
238 2280 332 2362 adque
353 2282 433 2342 celer
453 2289 546 2342 terras
567 2299 727 2361 regemque
749 2281 876 2360 exquirit
897 2280 1011 2341 Echion

237 2365 313 2426 dicta
333 2367 443 2443 terens
465 2367 557 2428 lectos
580 2367 668 2443 (tama
690 2374 735 2427 est
756 2367 780 2426 si
803 2365 932 2427 nominis
953 2365 1105 2444 umquam)
1160 2421 1164 2430 ,
1234 2375 1285 2426 735

237 2449 415 2511 Haemoniae
437 2451 563 2512 subiisse
583 2451 672 2524 viros,
695 2451 744 2510 det
763 2451 850 2511 htora
870 2451 965 2512 iessis.

237 2533 414 2612 adproperat
434 2533 532 2612 Lycus
553 2535 660 2595 auditis
680 2535 803 2596 laetatus
826 2535 951 2610 Achivis,

237 2635 271 2678 ao
293 2617 381 2679 simul
403 2619 571 2680 Aesoniden
594 2637 771 2698 omnemque
792 2621 824 2681 in
846 2621 926 2698 regia
948 2618 1064 2680 turbam

237 2708 314 2763 tecta
335 2703 424 2764 trahit
445 2703 532 2764 modo
554 2703 704 2783 Bebryciis
726 2705 852 2784 praefixa
873 2705 1011 2785 tropaeis,

234 2787 315 2864 mitis
338 2796 367 2849 et
387 2789 419 2849 in
440 2788 545 2850 mediis
567 2789 670 2851 effatur
691 2789 759 2850 talia
779 2789 883 2850 Grais:
1233 2797 1284 2848 740

234 2865 326 2934 ‘haud
347 2880 458 2936 temere
481 2882 541 2934 est:
564 2875 623 2935 sato
645 2875 743 2935 divum
766 2893 835 2936 reor
854 2875 891 2934 ad
911 2891 977 2934 mea
998 2880 1096 2934 vectos

236 2956 322 3018 litora
342 2976 405 3032 vos,
429 2957 529 3018 odium
551 2958 659 3037 quibus
681 2959 774 3038 adque
797 2959 898 3020 eadem
920 2958 963 3019 ira
984 2958 1110 3019 iurentis

235 3040 394 3120 Bebryciae
416 3059 557 3121 saevaque
579 3061 665 3121 pares
688 3043 723 3104 de
746 3051 832 3122 gente
854 3043 1006 3122 triumphi.

238 3133 316 3186 certa
338 3127 410 3186 fides
431 3127 547 3201 animis,
562 3127 645 3188 idem
667 3128 775 3206 quibus
797 3128 900 3190 incidit
921 3127 1024 3188 hostis.

237 3227 293 3270 nos
315 3228 444 3288 quoque,
467 3230 523 3272 nos
545 3212 697 3290 Amycum,
721 3220 801 3274 tanto
824 3213 929 3292 procul
952 3211 1024 3274 orbe
1046 3210 1160 3286 remoti,
1232 3221 1279 3270 tte

236 3293 383 3354 sensimus
406 3303 435 3356 et
456 3296 547 3358 saevis
568 3297 658 3358 irater
680 3297 752 3358 mihi
772 3299 857 3360 fusus
879 3297 1007 3359 harenis.

220 3477 278 3528 715.
297 3479 380 3528 tantas
398 3493 426 3542 n,
444 3493 535 3544 parvas
552 3479 576 3531 J.
596 3478 744 3543 Columbae,
763 3483 852 3532 tenues
870 3481 932 3532 Set.
1011 3481 1071 3534 uo.
1091 3481 1116 3530 et
1132 3493 1161 3545 n,
1178 3495 1226 3532 nec

152 3543 177 3594 J.
198 3541 347 3606 Columbae,
365 3544 408 3596 vel
426 3545 486 3597 Sob.
580 3550 638 3600 717.
655 3562 714 3599 nam
731 3563 759 3608 π,
778 3552 804 3598 at
821 3548 878 3601 Scb.
965 3549 1024 3600 718.
1042 3561 1094 3598 non
1112 3561 1148 3612 n,
1164 3563 1226 3600 num

152 3611 190 3662 st.
209 3614 287 3677 (176).
323 3614 382 3665 719.
399 3611 517 3680 fluusque
533 3613 567 3676 V,
585 3615 730 3682 fluviusque
748 3614 784 3680 Μ,
801 3615 935 3684 flavusque
952 3613 983 3668 Β.
995 3645 1024 3654 -
1036 3616 1108 3683 lyces
1126 3629 1157 3680 π,
1174 3615 1226 3683 Ty·

149 3693 191 3731 res
208 3675 262 3732 Ma.
280 3683 326 3745 (ore
344 3681 434 3733 codiee
451 3682 494 3733 cel
508 3686 599 3748 potior
616 3699 650 3734 ore
668 3683 733 3734 Itali
749 3685 888 3742 rotrodum
907 3686 1082 3748 coniectura).
1094 3713 1122 3722 -
1134 3699 1226 3736 novas-

151 3762 202 3814 que
218 3763 247 3811 π,
264 3763 404 3816 numasque
420 3748 452 3815 Β,
468 3747 598 3816 Melasque
617 3749 639 3802 0
654 3753 701 3816 (?);
719 3767 815 3804 nomen
832 3754 912 3814 ltuoit
926 3753 1009 3820 plano
1026 3755 1159 3804 incertum
1177 3757 1224 3803 ert.

220 3817 278 3869 727.
297 3822 392 3883 anguet
409 3834 437 3883 π,
455 3818 526 3885 angit
542 3832 576 3882 m,
594 3823 686 3885 urguet
703 3819 749 3870 He.
