2792 4340
452 143 706 200 ARGONAVTICON
724 147 818 200 LIBER
835 148 865 199 V.
977 177 1020 244 θ’

114 324 117 327 ·
189 300 336 379 siquando
359 301 407 361 hic
429 302 557 380 aliquam
579 310 681 362 nostro
704 311 783 364 satus
807 303 878 364 orbe
901 304 1013 366 solebat

188 384 380 461 Thessaliam,
403 386 505 465 siquos
527 387 654 448 Phrixus
675 407 839 448 memorare
860 388 1008 468 Pelasgos,

188 471 220 531 hi
243 470 306 546 tihi,
329 479 372 531 tot
394 490 490 546 casus,
511 472 658 532 horrenda
679 481 724 532 tot
745 473 806 534 avia
828 473 934 545 mensi,

189 556 351 617 cernimur.
395 556 459 636 ipse
482 564 598 635 egomet
618 558 741 636 proprio
764 559 800 620 de
821 558 967 636 sanguine
988 559 1104 620 Phrixi:

190 659 318 719 namque
340 641 418 701 idem
440 641 582 704 Cretheus
604 642 746 703 amhohus
769 651 798 704 et
820 643 928 704 Aeolus
950 651 1054 704 auctor

159 763 164 780 .
191 744 259 786 cum
281 725 348 786 love
369 725 567 805 Neptunoque
589 734 708 788 etcum
731 727 899 788 Salmonide
921 728 1058 808 nympha.

191 828 298 888 meque
320 829 376 870 nec
397 811 456 871 huo
479 829 566 872 enses
588 829 714 890 araeque
737 831 824 891 egere
846 819 993 892 paternae,

190 914 247 956 nec
267 902 328 969 tua,
351 895 529 958 Thessalicis
551 914 730 975 quamquam
752 897 852 958 inclita
875 897 995 958 nomina
1016 899 1113 973 terris,
1186 910 1234 960 tao

190 987 297 1058 sponte
319 998 438 1058 sequor.
485 981 532 1041 oui
556 1000 617 1041 non
641 982 722 1042 iusso
744 989 788 1042 tot
809 981 889 1043 adire
910 982 1045 1062 voluptas

190 1071 323 1124 monstra
344 1059 457 1124 miris?
479 1065 527 1125 eui
551 1065 681 1144 Cyaneos
703 1067 814 1128 intrare
835 1065 990 1145 fragores?

190 1155 306 1228 sceptra
328 1149 371 1208 tui
394 1156 456 1209 toto
478 1150 573 1211 Pelias
596 1150 652 1211 sub
674 1152 797 1212 numine
817 1150 929 1212 Phoebi

189 1234 315 1295 maxima
337 1241 416 1294 sorte
437 1241 559 1308 tenens,¹
575 1241 678 1314 totque
699 1236 749 1296 ille
771 1235 905 1296 ornantia
928 1235 1018 1296 clivos

189 1319 308 1398 oppida,
331 1326 375 1379 tot
395 1318 475 1398 vigili
496 1319 696 1398 pulcherrima
718 1321 840 1381 llumlna
862 1337 972 1394 cornu;

188 1404 239 1464 ille
261 1422 360 1464 meum
382 1403 514 1484 imperiis
536 1411 644 1483 urguet
665 1413 763 1484 caput,
786 1405 836 1465 ille
857 1405 972 1466 labores

190 1490 239 1550 dat
260 1488 365 1562 varios,
389 1507 461 1549 suus
484 1496 518 1548 ut
538 1508 678 1568 magnum
701 1509 752 1551 rex
773 1490 886 1569 spargit
907 1489 943 1548 ah
965 1488 1051 1567 Argis

190 1573 324 1647 Alciden,
348 1573 488 1634 Sthenelo
511 1573 575 1652 ipse
598 1582 688 1634 satus,
732 1583 829 1636 umen
852 1592 955 1654 aspera
976 1591 1081 1652 regum

189 1658 375 1737 perpetimur
396 1659 480 1736 iuga,
504 1677 559 1719 nec
580 1659 687 1721 melior
707 1677 811 1737 parere
833 1677 969 1720 recusos

188 1743 238 1803 hic
261 1742 385 1802 sibime
407 1750 524 1804 auratae
545 1743 668 1821 pecudis
690 1743 886 1822 quiscumque
908 1742 1027 1822 periclis

190 1827 309 1888 exuvias
332 1827 464 1906 perferre
486 1827 576 1889 iubet.
621 1827 673 1889 tihi
697 1828 787 1907 gratia
809 1826 904 1890 nostri

189 1912 238 1987 sit,
261 1930 377 1991 precor,
397 1911 649 1990 haec'meritique
670 1912 764 1988 locus,
787 1913 867 1991 quod
890 1911 969 1972 iussa
990 1913 1090 1990 recepi

81 2005 91 2018 “
187 2005 278 2075 teque
300 1995 399 2071 alium,
421 2015 510 2076 quam
532 2015 621 2076 quern
642 1997 737 2058 Pelias
759 2005 916 2076 speratque
939 1997 1089 2077 cupitque,

189 2081 313 2160 promisi
335 2089 366 2142 et
385 2081 506 2142 meliora
527 2089 596 2146 tuae
616 2082 690 2144 mihi
712 2083 830 2144 loedere
853 2082 979 2144 dextrae.

189 2166 216 2226 si
238 2173 338 2244 petere
360 2165 418 2226 hoc
439 2166 516 2226 saevi
538 2167 704 2228 statuissem
727 2167 872 2245 sanguine
893 2166 971 2240 belli,

191 2251 265 2312 Ossa
288 2250 372 2311 dabat
393 2251 566 2329 Pindusque
587 2258 664 2312 rates
686 2260 818 2330 quotque
840 2259 908 2312 ante
930 2250 1023 2312 secuti

190 2335 260 2395 inde
282 2354 337 2396 nec
359 2337 499 2396 audacem
520 2335 669 2398 Bacchum
691 2355 747 2396 nec
767 2335 875 2399 Persea
896 2353 991 2413 reges.

189 2419 242 2480 sed
263 2438 312 2481 me
334 2420 412 2482 nuda
433 2421 505 2480 fides
527 2420 680 2498 sanctique
702 2420 834 2499 potentia
856 2419 926 2480 iusti

189 2506 249 2564 huo
270 2505 338 2565 tulit
359 2523 392 2565 ac
413 2503 502 2566 medii
524 2504 661 2566 sociatrix
684 2505 775 2584 gratia
796 2503 914 2578 Phrixi3

191 2607 320 2668 namque
342 2589 394 2649 tihi
417 2597 518 2650 nostra
539 2589 630 2669 geniti
652 2590 688 2652 de
711 2590 803 2670 stirpe
825 2597 959 2668 nepotes.

191 2693 247 2734 nec
268 2682 365 2734 tamen
389 2679 439 2736 aut
461 2674 604 2754 Phrygios
627 2692 711 2753 reges
733 2682 784 2735 aut
803 2693 870 2735 arva
891 2674 1018 2736 furentis

190 2758 350 2838 Bebryciae
372 2759 559 2838 spernendus
581 2759 642 2820 adi:
666 2778 719 2820 seu
739 2759 842 2819 fraude
863 2757 974 2837 petivit,

191 2863 244 2904 seu
267 2843 334 2922 quis
356 2845 470 2904 honore
490 2862 588 2917 meos,
612 2861 665 2904 sua
686 2843 798 2904 reddita
819 2841 896 2903 dona
918 2841 1065 2919 deumque

191 2947 247 2988 nos
270 2945 364 3006 genus
386 2936 473 3006 atque
495 2935 589 2988 ratem
610 2945 733 3006 magnae
755 2945 875 2990 sensere
897 2926 1052 2988 Minervae.

188 3013 236 3072 vix
259 3013 376 3073 tandem
398 3013 495 3091 longis
517 3011 677 3091 quaesitam
701 3012 838 3074 Colchida
859 3013 933 3072 votis

190 3097 380 3176 contigimus,
403 3099 579 3176 qualemque
602 3097 688 3158 dabat
708 3105 738 3158 te
758 3098 834 3158 larua
847 3096 996 3158 ridemus.

191 3284 253 3327 non
276 3267 370 3328 aliena
391 3274 459 3346 peto
483 3267 605 3328 terrisve
626 3267 756 3329 indebita
778 3265 897 3340 nostris,

173 3452 233 3505 479.
252 3465 293 3502 me
310 3451 394 3517 neque
417 3465 484 3502 nunc
511 3467 545 3514 π,
568 3464 660 3516 meque
683 3463 731 3501 nec
756 3447 806 3500 huc
830 3447 895 3514 lleg.
1000 3447 1057 3502 483.
1076 3446 1178 3509 nomine

92 3538 127 3585 n,
149 3519 254 3570 numine
272 3518 401 3568 d’Oroa'lle
419 3519 467 3581 (ad
476 3516 576 3569 charit.
594 3534 620 3584 p.
639 3520 688 3570 5⁹13
707 3517 745 3567 cd.
764 3516 852 3582 Ltpe.;
871 3516 921 3578 cfr.
940 3514 981 3579 lv,
1001 3516 1068 3579 161),
1085 3514 1181 3576 lumine
1232 3532 1236 3540 ¹

94 3589 167 3642 Sab.
250 3588 314 3640 lat.
333 3591 390 3639 oste
408 3585 446 3649 V,
466 3585 539 3637 hoste
556 3583 601 3648 M,
620 3584 685 3636 lorte
703 3584 731 3650 θ,
748 3587 817 3636 sorte
837 3585 884 3638 Gr.
903 3582 955 3650 (lv,
973 3586 1017 3648 21)
1036 3587 1062 3632 et
1079 3581 1128 3633 Vo.
1146 3611 1181 3620 -

93 3659 194 3722 totque
211 3653 254 3705 illa
271 3654 409 3706 cremantia
427 3653 501 3706 divos
518 3669 547 3718 π,
565 3656 604 3704 tot
621 3656 677 3704 tura
696 3653 831 3704 cremantia
849 3652 915 3704 divis
927 3648 1179 3716 nocturnalium.

93 3722 190 3786 XVlll,
210 3723 280 3787 164),
296 3727 387 3790 totque
402 3722 446 3774 illa
465 3720 593 3772 haerentia
611 3720 684 3772 clivis
702 3721 749 3770 Ph.
767 3717 809 3773 W.
826 3723 906 3787 (403),
923 3723 1012 3786 totque
1028 3718 1071 3770 ille
1089 3731 1180 3769 ornan-

95 3793 137 3846 tia
157 3790 239 3844 elivos
258 3789 318 3842 Set.
388 3793 445 3844 500.
464 3790 565 3856 iamque
583 3805 611 3854 n,
630 3803 740 3855 namque
757 3785 799 3841 Pr'.

992 3869 1028 3923 7.
