2792 4340
597 199 623 249 C.
641 199 760 252 vnnnlu
778 197 890 251 PLAGGl

264 373 313 433 dat
334 369 466 444 famulis3
490 370 538 430 dat
559 378 589 430 et
610 370 679 431 inde
700 369 810 430 Lacon.
855 370 921 431 odia
943 387 1045 450 aspera
1068 382 1203 454 surgunt

264 456 373 536 ignotis
395 455 479 534 prius
502 455 597 532 adque
620 455 740 514 incensa
762 462 861 516 mente
882 456 1021 517 seruntur
1274 469 1318 520 255

264 543 295 602 iu
317 540 447 601 medium
469 540 590 618 sanguis
613 538 687 599 lovis
710 546 739 599 et
760 539 908 619 Neptunia
929 541 1039 620 proles.

264 627 336 686 hinc
357 624 439 685 illino
461 625 558 685 dubiis
579 624 693 685 intenta
715 623 831 685 silentia
852 625 937 685 votis.

265 719 294 772 et
315 718 398 790 pater
419 709 530 769 orantis
552 726 706 769 caesorum
728 709 867 770 Tartarus
889 710 1008 771 umbras

266 795 346 856 nube
368 812 435 855 cava
457 793 575 855 tandem
597 793 633 853 ad
654 794 775 854 meritae
797 795 963 874 spectacula
986 813 1100 874 poenae

266 879 387 953 emittit;
411 879 518 940 summi
539 879 714 956 nigrescunt
735 879 863 940 culmina
885 880 1004 940 montis.
1168 929 1172 936 .
1271 893 1316 943 260

267 965 409 1025 continuo
431 963 556 1042 Bebryx,
579 961 687 1024 Maleae
708 963 788 1024 velut
809 981 875 1025 arce
897 964 1012 1043 fragosa

266 1050 353 1110 turbo
375 1067 475 1128 rapax,
497 1048 544 1108 vix
566 1048 743 1122 marinum,
766 1049 812 1108 vix
833 1048 937 1110 tollere
959 1067 1064 1128 passus

268 1133 404 1194 bracchia
426 1133 551 1194 torrenti
573 1151 716 1213 praeceps
739 1133 798 1211 agit
819 1133 952 1211 undique
974 1135 1074 1196 nimbo

267 1218 403 1280 cursibus
425 1218 586 1292 involvens,
608 1225 729 1295 totaque
751 1217 878 1278 inmanis
900 1217 1009 1279 harena

267 1302 443 1381 insequitur.
466 1303 536 1382 vigil
558 1303 607 1363 ille
629 1310 709 1362 metu
732 1319 799 1362 cum
821 1309 941 1381 pectore
963 1311 993 1363 et
1014 1305 1103 1365 armis
1267 1316 1311 1366 265

266 1389 325 1447 buc
347 1387 479 1449 alternus
501 1395 531 1448 ct
550 1388 626 1461 huc,
649 1403 768 1464 semper
790 1387 903 1448 cervice
924 1388 1054 1464 reducta,

271 1490 388 1550 semper
411 1479 440 1531 et
460 1472 492 1531 in
515 1471 614 1549 digitis
636 1478 677 1530 et·
686 1471 793 1532 summi
815 1472 935 1550 pulvere
957 1474 1062 1553 campi,

267 1555 478 1635 proiectusque
500 1554 584 1616 redit.
628 1556 777 1634 spumanti
799 1556 894 1634 qualis
916 1557 947 1618 in
969 1558 1027 1618 alto

269 1640 367 1701 Pliade
389 1647 472 1718 capta
494 1640 574 1713 ratis,
597 1639 704 1718 trepidi
726 1657 814 1718 quam
836 1640 898 1701 sola
918 1642 1050 1720 magistri

269 1741 339 1786 cura
360 1732 450 1800 tenet,
474 1725 609 1804 rapidum
629 1723 723 1785 ventis
747 1725 925 1786 certantibus
947 1744 1059 1806 aequor
1265 1740 1310 1790 220

269 1812 440 1872 intemerata
462 1819 550 1884 secat,
573 1809 678 1869 Pollux
700 1809 743 1870 sic
764 1810 904 1888 providus
926 1809 1003 1872 ictus

268 1904 363 1956 servat
385 1903 413 1955 et
424 1894 545 1956 Oebalia
567 1893 690 1954 dubium
712 1903 801 1974 caput
822 1895 910 1974 eripit
930 1904 1002 1957 arte.

268 1987 301 2038 ut
323 1979 428 2040 deiude
450 1987 611 2058 urguentes
634 1978 736 2038 effudit
758 1979 888 2040 nubibus
905 1979 968 2040 'iras

269 2063 464 2141 ardoremque
484 2062 548 2136 viri,
572 2063 711 2140 paulatim
733 2063 889 2142 insurgere
910 2065 989 2126 fesso
1380 2027 1382 2104 ⁴

268 2147 384 2226 integer
405 2155 435 2208 et
456 2163 587 2208 summos
609 2147 745 2208 manibus
767 2147 913 2210 deducere
934 2159 1058 2211 caestus.
1264 2163 1306 2212 275

268 2232 318 2293 ille
340 2231 402 2292 dies
423 2248 527 2312 aegros
549 2231 650 2311 Amyci
672 2231 831 2293 sudoribus
852 2241 933 2294 artus

268 2317 383 2398 primus
405 2325 435 2379 et
456 2317 550 2379 arenti
572 2323 761 2378 cunctantem
783 2317 854 2378 vidit
873 2318 974 2380 hiatu:

269 2421 326 2464 nec
348 2421 401 2463 sua
424 2404 572 2464 delossum
594 2411 723 2464 noscunt
744 2403 808 2463 loca
831 2421 886 2464 nec
908 2421 961 2464 sua
983 2422 1084 2482 regem

270 2487 394 2564 agmina.
439 2488 587 2568 respirant
609 2487 693 2546 ambo
717 2487 898 2566 paulumque
920 2496 1071 2567 reponunt

269 2570 415 2642 bracchia,
439 2590 493 2631 ceu
516 2569 654 2648 Lapithas
676 2579 726 2631 aut
746 2569 878 2633 Paeonas
899 2591 1028 2651 aequore
1050 2572 1080 2632 in
1104 2572 1169 2651 ipso
1264 2584 1307 2635 280

270 2673 338 2715 cum
360 2654 473 2715 refovet
493 2655 609 2732 rixaque
632 2654 698 2715 silet
720 2654 862 2716 Gradivus
884 2655 915 2718 in
937 2657 1029 2718 hasta.

270 2739 316 2799 vix
339 2747 489 2812 steterant,
513 2747 542 2801 et
564 2738 621 2800 iam
643 2757 712 2803 ecce
733 2748 826 2801 ruunt
847 2741 1017 2821 inflictaque
1039 2742 1095 2803 late

269 2832 351 2904 terga
373 2832 497 2900 sonant;
521 2841 595 2885 nova
617 2824 661 2886 vis
683 2824 800 2899 iterum,
823 2844 897 2886 nova
919 2845 1044 2906 corpora
1066 2835 1203 2906 surgunt.

269 2909 350 2970 bunc
372 2911 478 2990 pudor,
501 2912 583 2971 lruno
605 2917 676 2978 nolo
699 2911 756 2971 iam
778 2929 848 2989 spes
869 2911 1025 2972 audentior
1045 2912 1129 2972 hoste

270 2994 441 3055 instimulat.
484 2995 599 3055 fumant
620 2993 724 3056 crebro
747 2996 918 3074 praecordia
940 2997 1038 3076 pulsu.
1263 3007 1305 3058 285

270 3079 331 3138 avia
353 3087 530 3158 responsant
551 3078 662 3156 gemitu
684 3078 766 3158 iuga:
791 3080 914 3159 pervigil
935 3089 969 3141 ut
989 3099 1057 3141 cum

270 3162 414 3223 artificum
436 3169 512 3222 rotat
534 3164 626 3224 Aetna
647 3181 753 3224 manus
776 3173 804 3226 et
824 3163 948 3225 fulmina
971 3165 1096 3244 Cyclops

270 3247 445 3326 prosubigit,
468 3247 563 3326 pulsis
585 3248 741 3327 strepitant
761 3249 919 3310 incudibus
940 3249 1039 3311 urbes.

271 3331 376 3391 emicat
397 3332 446 3393 bic
467 3333 656 3410 dextramque
678 3341 761 3411 parat
782 3335 973 3412 dextramque
993 3335 1124 3395 minatur

271 3415 469 3493 Tyndaridem
492 3417 568 3478 redit
589 3417 648 3476 huc
670 3418 764 3478 oculis
787 3427 817 3478 et
837 3419 968 3498 pondere
990 3419 1104 3498 neuryx
1262 3427 1304 3477 220

255 3667 312 3718 259.
332 3681 434 3733 pugnae
450 3683 478 3732 n,
497 3682 594 3734 poenae
611 3669 636 3722 J.
657 3665 714 3748 W'.
783 3669 842 3721 281.
861 3669 920 3721 dum
937 3687 966 3735 π,
983 3686 1041 3722 curn
1061 3669 1116 3723 Car.
1200 3672 1257 3722 287.

186 3735 312 3839 notataset
335 3783 375 3847 V,
401 3787 489 3862 potata
516 3789 541 3836 et
559 3784 601 3847 M,
628 3784 823 3853 (artificumque)
852 3791 937 3839 notata
962 3789 995 3848 P;
1022 3785 1148 3840 artificum
1173 3790 1259 3840 movet

186 3851 268 3901 Aetne
287 3851 341 3911 Ha,
361 3849 471 3903 artrfices
489 3857 555 3903 rotat
572 3868 655 3919 usque
675 3853 732 3918 ru,
751 3852 875 3907 artificum
892 3858 960 3908 rotat
978 3856 1059 3907 Aetna
1079 3854 1140 3906 Sed.
