2764 4340
382 243 638 298 taeoutvrtcon
655 244 749 298 tisun
767 245 783 298 l.

151 428 233 498 terga
253 419 364 492 Lacon,
388 418 491 480 saltem
513 417 544 478 in
567 436 674 479 vacuos
696 425 730 477 ut
750 417 886 479 bracchia
906 427 1010 480 ventes

151 512 269 585 spargat
291 511 321 564 et
343 503 496 565 Oebalium
519 503 657 581 Pagaseia
678 502 789 582 puppis
810 503 963 565 alumnum

151 610 166 652 s
189 596 265 650 ectet
285 606 392 649 securo
415 587 612 649 celebrantem
633 588 718 648 litora
740 588 820 661 ludo,

150 609 261 753 niaque
283 673 451 734 Thessalico
473 673 579 734 melior
600 671 783 734 contundere
803 673 890 734 freno

151 765 297 821 rectorem
319 758 438 838 pavidae
461 757 563 820 Castor
584 758 653 820 dum
676 764 831 835 quaereret
853 757 961 833 Helles,

151 863 257 925 passus
279 843 433 923 Amyclaea
453 843 649 923 pinguescere
672 843 807 922 Cyllaron
829 842 928 903 herba.

152 929 211 990 illis
233 928 377 990 Taenario
400 928 511 1007 pariter
532 927 631 988 tremit
653 927 739 1006 ignea
759 928 829 988 luco

152 1031 296 1096 purpura,
319 1013 400 1092 quod
421 1013 537 1092 gemina
558 1019 651 1074 mater
672 1012 832 1093 spectabile
854 1012 911 1073 tela

153 1098 236 1160 duxit
257 1116 351 1177 opus;
374 1097 420 1158 bis
442 1098 591 1176 Taygeton
614 1097 760 1176 silvasque
782 1105 932 1159 comantes

153 1191 308 1258 struxerat,
332 1183 464 1244 Eurotan
486 1182 568 1243 molli
590 1182 635 1242 bis
657 1183 772 1243 luderet
794 1200 882 1255 auro;

153 1287 302 1348 quemque
324 1287 397 1328 suus
419 1267 540 1347 sonipes
563 1268 648 1328 niveo
671 1268 706 1329 de
722 1267 852 1328 stamme
875 1273 974 1345 portat

153 1361 182 1415 et
195 1354 280 1414 'volat
302 1353 456 1414 amborum
477 1352 591 1432 patrius
613 1354 649 1413 de
671 1360 791 1431 pectore
814 1369 934 1431 cycnus.

153 1446 183 1499 at
203 1438 256 1498 tibi
279 1439 414 1500 collectas
436 1438 522 1498 solvit
543 1437 600 1499 ianr
621 1437 711 1498 fibula
732 1444 827 1498 vestes

152 1523 342 1602 ostenditque
363 1541 483 1584 umeros
505 1525 597 1584 lortes
619 1522 806 1601 spatiumque
829 1521 951 1600 superbi

153 1609 283 1688 pectoris
304 1607 457 1668 Herculeis
479 1626 616 1686 aequum,
639 1607 793 1685 Meleagre,
816 1605 942 1666 lacertis.

153 1693 202 1754 hic
225 1711 384 1754 numerosa
406 1693 542 1771 phalanx,
565 1693 664 1772 proles
686 1692 831 1772 Cyllenia:
854 1699 953 1752 certus

154 1777 320 1840 Aethalides
341 1777 453 1838 subitas
474 1796 565 1838 nervo
586 1777 728 1838 redeunte
750 1777 869 1854 sagittas

154 1881 277 1942 cogere;
301 1872 333 1923 tu
354 1862 467 1923 medios
489 1862 585 1940 gladio
606 1862 703 1922 bonus
726 1861 769 1921 ire
791 1879 845 1939 per
865 1860 975 1934 hostes,

155 1948 281 2026 Euryte;
306 1967 362 2008 nee
384 1947 480 2027 patrio
501 1947 608 2025 Minyis
630 1944 769 2025 ignobilis
790 1964 857 2017 usu,

155 2033 260 2094 nuntia
281 2033 367 2093 verba
389 2032 473 2092 ducis
494 2031 613 2112 populis
635 2029 686 2110 qui
709 2031 820 2104 reddit,
836 2028 960 2091 Echion.

155 2118 207 2179 sed
230 2136 302 2191 non,
325 2117 400 2196 lphi,
424 2117 483 2177 tuis
506 2119 584 2195 Argo
607 2116 737 2178 reditura
758 2115 875 2176 lacertis

156 2204 214 2264 heu
244 2202 370 2263 celerem
392 2201 528 2281 Scythica
549 2209 578 2262 te
600 2209 708 2262 maesta
729 2201 877 2278 relinquet
898 2199 1008 2261 harena

156 2295 379 2366 cessantemque
400 2295 453 2347 tuo
475 2286 587 2364 lugebit
607 2286 639 2346 in
662 2286 765 2346 ordine
786 2302 910 2346 remum.

156 2380 185 2433 te
208 2390 328 2451 quoque
351 2373 420 2432 dant
442 2372 537 2450 carnpi
559 2377 640 2430 tanto
663 2378 780 2450 pastore
802 2367 925 2429 Pheraei

155 2457 267 2530 felices,
290 2457 427 2528 Admete;
449 2455 509 2516 tuis
530 2473 598 2516 nam
619 2455 723 2534 pendit
744 2454 774 2514 in
797 2453 873 2514 arvis

152 2542 268 2615 Delius,
291 2542 406 2620 ingrato
425 2541 570 2620 Steropen
593 2541 672 2619 quod
693 2539 809 2600 fuderat
830 2556 911 2598 arcu.

157 2647 174 2688 a
196 2627 334 2706 quotiens
355 2626 465 2686 lamule
488 2626 566 2686 notis
587 2643 673 2686 soror
694 2624 777 2685 obvia
799 2622 879 2684 silvis

157 2712 245 2784 lletit,
269 2711 319 2771 ubi
342 2713 468 2773 Ossaeae
487 2718 621 2790 captaret
641 2710 751 2788 frigora
770 2726 900 2787 quercus

159 2798 296 2876 perderet
317 2803 346 2856 et
367 2795 471 2874 pingui
493 2796 618 2856 miseros
639 2793 786 2856 Boebeide
808 2793 915 2854 crines.

159 2881 288 2960 insurgit
310 2881 446 2942 transtris
468 2889 502 2940 et·
517 2898 599 2940 remo
621 2879 715 2940 Nerea
736 2885 831 2938 versat

160 2966 300 3039 Canthus
323 2966 354 3026 in
376 2967 471 3028 Aeaeo
493 2965 587 3025 volvet
609 2981 698 3042 quem
719 2961 841 3023 barbare
864 2957 964 3038 cuspis

160 3051 282 3130 pulvere
289 3069 297 3125 ;
321 3059 349 3111 at
373 3051 483 3112 interea
505 3049 577 3110 olari
599 3050 689 3110 decus
711 3048 821 3110 adiacet
835 3044 933 3116 orbis,

160 3152 249 3215 quem
272 3136 389 3214 genitor
410 3135 546 3213 gestabat
562 3134 654 3208 hbas3
677 3141 756 3195 secat
775 3149 865 3194 aurea
886 3130 979 3190 lluetu

159 3221 288 3299 tegmina
310 3219 489 3281 Chalcidicas
510 3219 628 3298 lugiens
650 3219 781 3298 Euripus
802 3218 936 3288 harenas,

160 3307 298 3384 celsaque
321 3305 490 3366 semiferum
512 3312 713 3383 contorqueas
734 3305 818 3364 frena
840 3302 980 3378 luporum

161 3390 259 3469 surgis
281 3390 317 3450 ab
339 3391 477 3450 ostrifero
498 3389 622 3460 medius,
645 3389 792 3467 Neptune,
815 3386 965 3447 Geraesto.

163 3483 191 3536 et
212 3475 265 3536 tibi
288 3474 415 3536 Palladia
438 3475 522 3553 pinu,
545 3474 734 3554 Polypheme,
757 3479 872 3532 revecto

162 3568 237 3620 ante*
252 3559 357 3620 urbem
380 3559 510 3620 ardentis
532 3566 622 3619 restat
644 3558 828 3636 deprendere
850 3555 941 3636 patris

148 3849 204 3900 tat.
223 3845 346 3898 thessalio
364 3807 547 3906 rr,·thessalico
566 3842 608 3896 Be.
661 3844 721 3894 427.
738 3845 856 3892 taenareo
875 3855 902 3902 n,
922 3800 1034 3889 taenario
1051 3833 1095 3888 Be.

80 3915 139 3968 436,
157 3913 214 3966 hinc
232 3913 280 3969 Be.
343 3915 401 3966 tat.
421 3913 531 3965 cinerem
553 3909 598 3963 Th.
667 3912 726 3961 457.
746 3912 771 3960 al
789 3908 835 3959 tibi
852 3905 917 3957 Bur.
