2764 4340
447 217 704 272 Andohnvrlcou
721 217 815 272 LIBER
831 220 869 272 lll.

185 393 243 452 lert
265 391 381 452 sonitus
403 390 514 452 inmota
535 391 662 470 phalanx
684 392 802 470 irasque
825 399 981 468 retentant,

185 476 340 556 congeries
363 477 433 537 dum
454 476 549 555 prima
570 477 650 538 lluat.
695 477 838 538 stellantia
859 477 982 557 Mopsus

185 563 315 642 tegmina
337 568 366 622 et
388 561 538 640 ingentem
561 561 680 642 Corythi
702 570 784 623 notat
805 562 934 642 Eurytus
957 565 1099 629 umbram.

184 647 292 709 restitit
313 646 362 708 ille
385 647 476 725 gradu
499 665 623 726 seseque
645 667 661 708 a
683 647 795 708 lumine
816 648 886 708 ferri

185 731 328 794 sustinuit
349 749 501 812 praeceps,
525 733 655 793 subitum
678 751 732 794 ceu
754 740 855 812 pastor
876 734 911 795 ad
934 753 1050 798 amnem

185 823 372 898 spumantem
395 817 503 878 nimbis
523 817 676 896 fluctuque
698 818 817 880 arbusta
839 825 983 880 ruentem.

186 911 215 964 et
236 903 352 982 Tydeus
371 894 421 964 ‘en
444 902 565 964 intentis
587 921 676 982 quem
698 898 817 965 viribus'
841 903 938 983 inquit

182 983 334 1068 ‘opperiar
355 987 553 1066 manibusque
574 988 636 1049 dari
658 1007 747 1068 quem
770 990 936 1051 comminus
958 999 1067 1070 optem,

184 1092 244 1154 quo
267 1072 383 1134 steteris
404 1072 532 1134 moriere
554 1069 639 1134 loco.'
685 1073 765 1136 subit
786 1074 834 1136 ilia
856 1075 956 1155 cuspis

186 1158 300 1232 Olenii3
324 1159 402 1219 dedit
423 1158 473 1219 ille
496 1177 603 1220 sonum
625 1177 844 1238 conpressaque
866 1161 1009 1222 mandens

184 1261 314 1324 aequora
335 1261 516 1322 purpuream
538 1243 716 1323 singultibus
739 1244 851 1323 expulit
872 1245 992 1307 hastam.

184 1348 218 1390 ac
239 1329 319 1389 velut
340 1327 371 1389 in
393 1328 490 1390 medio
512 1347 602 1408 rupes
624 1330 694 1391 latet
716 1330 834 1391 horrida
856 1337 959 1409 ponto,

186 1433 275 1494 quam
298 1431 389 1492 super
411 1413 505 1492 ignari
528 1433 689 1494 numquam
711 1433 813 1478 rexere
834 1415 966 1494 magistri

183 1498 359 1580 praecipites
381 1499 495 1578 inpune
516 1507 603 1574 rates
626 1500 670 1562 sic
691 1501 808 1580 agmine
829 1519 916 1563 caeco

183 1583 310 1646 incurrit
332 1585 441 1645 strictis
463 1603 568 1646 manus
591 1585 721 1647 ensibus.
767 1587 890 1647 occubat
911 1586 980 1648 lron

184 1678 213 1732 et
235 1669 322 1748 Cotys
345 1677 373 1730 et
394 1669 493 1748 Pyrno
514 1669 620 1731 melior
642 1672 774 1749 genitore
796 1672 914 1733 Bienor.

229 1756 265 1816 ht
285 1755 380 1832 magis
402 1755 513 1816 interea
536 1755 650 1816 diverso
672 1756 789 1818 turbida
810 1765 892 1817 motu

184 1839 256 1900 urbs
278 1839 385 1919 agitur.
430 1839 546 1918 Genyso
568 1840 701 1901 coniunx
722 1849 868 1902 amoverat
888 1859 985 1916 arma3

183 1933 228 1986 ast
250 1924 291 1986 illi
314 1923 431 1985 subitus
451 1925 546 1986 ventis
567 1925 692 2005 vivoque
717 1926 824 1986 reluxit

183 2019 263 2072 torre
285 2010 387 2083 locus;
410 2009 477 2071 telis
499 2011 624 2090 gaudes,
646 2010 827 2086 miserande,
850 2012 985 2091 repertis.

182 2095 292 2176 linquit
314 2103 343 2156 et
364 2095 510 2156 undantes
531 2113 648 2158 mensas
670 2097 836 2176 infectaque
859 2116 973 2177 pernox

181 2199 263 2242 sacra
285 2179 408 2254 Medon;
433 2180 562 2260 chlamys
582 2181 685 2242 inbelli
707 2183 900 2244 circumvenit
921 2191 1000 2244 ostro

181 2273 258 2327 torta
280 2281 401 2327 manum
423 2265 585 2345 strictoque
605 2266 665 2326 vius
687 2267 889 2346 praefulgurat
911 2286 991 2329 ense.

180 2352 246 2412 talis
269 2351 299 2411 in
322 2368 401 2411 arma
422 2351 492 2424 ruit,
514 2369 571 2412 nec
592 2351 658 2411 vina
680 2351 829 2430 dapesque
850 2360 962 2412 remota

181 2443 296 2515 statque
318 2436 384 2497 loco
407 2443 506 2509 tonas,
529 2436 681 2497 insomnes
703 2455 838 2498 mansere
860 2436 997 2497 ministri.

181 2522 250 2583 inde
271 2521 336 2600 vagi
359 2539 414 2581 nec
435 2520 510 2582 bella
531 2521 626 2582 modis
648 2540 704 2584 nec
727 2522 842 2584 casibus
864 2522 957 2583 isdem

182 2623 360 2668 conseruere
381 2624 471 2667 manu
494 2613 523 2667 et
543 2607 633 2686 longe
654 2608 771 2670 iacuere
792 2609 947 2688 perempti.

181 2710 250 2753 ecce
273 2709 388 2770 gravem
410 2691 496 2752 nodis
518 2691 683 2772 pinguique
703 2692 848 2754 bitumino
869 2711 1012 2772 quassans

180 2777 313 2856 lampada
335 2774 449 2837 turbata
470 2776 613 2857 Phlegyas
636 2778 766 2839 decurrit
787 2778 822 2839 ab
845 2778 935 2851 urbe;

179 2862 230 2922 ille
252 2862 329 2923 leves
352 2862 388 2922 de
409 2879 492 2922 more
513 2879 620 2924 manus
641 2863 792 2941 aciemque
814 2862 969 2940 Pelasgum

178 2954 372 3027 pernoctem
395 2965 540 3008 remeasse
562 2955 642 3008 ratus
664 2948 844 3027 pulsumque
864 2947 1020 3026 requirens

180 3051 268 3112 saepe
290 3032 347 3092 sibi
368 3050 442 3093 vano
466 3032 634 3112 Thamyrim
657 3033 784 3094 clamore
806 3032 923 3114 petebat

179 3117 290 3178 arduus
312 3124 341 3178 et
362 3117 418 3178 late
440 3119 564 3179 fumanti
587 3118 666 3179 nube
688 3137 847 3193 coruscus;

179 3209 308 3281 quantus
330 3202 381 3263 ubi
404 3202 539 3264 inmenso
562 3204 715 3284 prospexit
735 3205 771 3266 ab
793 3204 911 3265 aethere
932 3202 1056 3282 Typhon

177 3287 247 3366 igne
269 3286 357 3348 simul
379 3289 532 3367 ventisque
553 3289 674 3364 rubens,
696 3309 785 3370 quem
806 3288 940 3368 luppiter
961 3287 1018 3350 alte

178 3373 262 3434 crine
283 3380 379 3446 tenet;
402 3374 550 3453 trepidant
572 3375 635 3436 diro
658 3375 713 3435 sub
735 3375 846 3436 lumine
868 3393 994 3454 puppes.

179 3457 293 3518 tollitur
313 3458 384 3518 hinc
406 3466 546 3538 totusque
568 3460 628 3520 ruit
650 3459 823 3539 Tirynthius
845 3477 915 3520 arcu

178 3547 299 3623 pectore
322 3551 400 3604 certa
423 3561 529 3623 regens
552 3546 671 3606 adversa
693 3545 807 3624 spicula
828 3545 944 3606 flamma

160 3715 217 3766 1116.
237 3711 337 3763 ochenii
361 3729 398 3778 rr,
423 3711 504 3764 Olenii
523 3711 550 3764 θ.
640 3681 796 3778 tlassntn,
820 3713 893 3764 ΑΗ.
981 3714 1036 3764 121.
1066 3711 1092 3761 in
1116 3725 1168 3777 quo

87 3795 166 3834 omen
183 3797 218 3846 π,
236 3781 366 3834 insomnes
384 3777 432 3835 Be.
452 3782 530 3846 (552).
611 3781 666 3833 122.
685 3781 734 3832 tela
753 3797 781 3847 n,
799 3781 866 3834 bella
885 3780 933 3834 Be.
1017 3781 1073 3833 123.
1091 3779 1167 3846 longe

87 3848 176 3984 {233ng
196 3851 388 3980 &hlaibam
408 3849 435 3901 C.
509 3853 563 3903 130.
581 3849 691 3916 perrexit
710 3847 772 3904 But.
870 3853 926 3902 134.
945 3848 1038 3915 pollice
1056 3847 1102 3899 Ph.
1123 3846 1165 3900 W.
