2792 4340
615 197 641 248 G.
659 195 777 250 varum
793 195 904 248 FLACGl

292 374 366 434 quae
390 354 466 434 pelta
489 353 564 414 latus
586 353 682 430 adque
703 368 823 412 umeros
846 351 954 414 nudata
976 349 1121 428 pharetris

291 441 400 520 sugerit
423 437 583 502 Herculeae
605 455 673 500 mon
694 436 816 500 vulnere
838 453 946 514 prensa
967 434 1099 512 sagittae,

290 535 381 604 utque
404 523 585 600 securigeras
607 520 798 585 stimulaverit
819 520 866 582 lra
888 527 1015 582 catervas

292 611 474 688 fleturusque
495 615 587 686 pater,
612 613 739 685 quantus
762 605 837 669 duce
859 613 955 666 terror
976 605 1007 664 in
1029 604 1103 683 ipsa,

291 695 341 774 qui
364 696 457 767 furor,
480 690 605 770 insignis
627 710 687 769 quo
709 691 823 754 balteus
844 690 949 752 arserit
970 708 1052 752 auro.

332 779 424 842 Nocte
446 777 501 838 suh
524 784 650 840 extrema
673 776 780 837 clausis
802 774 916 836 telluris
938 774 974 838 ab
996 774 1087 837 antris

291 863 413 944 pervigil
435 861 553 922 auditur
575 860 733 939 Chalybum
756 859 853 933 labor;
876 877 955 922 arma
976 859 1097 938 fatigant

292 948 445 1022 ruricolae,
468 945 600 1019 Gradive,
623 946 682 1018 tui;
705 952 790 1006 sonat
811 945 860 1006 illa
882 944 1006 1008 creatrix

293 1034 385 1114 prima
407 1050 512 1093 manus
534 1031 602 1092 belli
625 1039 717 1092 terras
739 1029 866 1092 crudelis
889 1029 919 1090 in
943 1047 1054 1094 ornnes.

293 1136 360 1180 nam
383 1117 466 1196 prius
489 1115 581 1193 ignoti
604 1134 692 1193 quam
715 1115 786 1176 dura
809 1114 915 1178 cubilia
937 1113 1008 1176 lerri
1163 1189 1167 1198 ¹

292 1210 430 1266 eruerent
451 1219 597 1278 ensesque
620 1200 737 1273 darent,
761 1198 826 1259 odia
848 1217 934 1276 aegra
956 1199 1020 1263 sine
1042 1198 1131 1262 armis

292 1288 428 1351 errabant
448 1287 568 1368 iraeque
590 1286 694 1363 inopes
716 1293 744 1344 et
766 1284 865 1362 segnis
887 1283 1004 1361 Erinys.

293 1374 360 1433 inde
383 1370 521 1432 Genetaei
544 1387 648 1448 rupem
670 1369 756 1442 lovis,
778 1369 849 1430 hinc
870 1368 1049 1431 Tibarenum

292 1458 362 1517 dam
382 1455 489 1514 virides
511 1461 578 1531 post
599 1461 680 1530 terga
702 1454 797 1526 lacus,
822 1453 871 1514 ubi
895 1452 993 1519 deside
1014 1453 1099 1520 mitra

292 1542 349 1601 seta
370 1540 440 1617 ligat
462 1545 607 1616 partuque
629 1537 724 1600 virum
745 1539 823 1600 soret
844 1538 907 1616 ipsa
928 1537 1035 1600 soluto.

293 1644 344 1685 vos
367 1642 486 1702 quoque
509 1641 569 1682 non
593 1630 679 1686 notae
700 1623 797 1684 mirati
819 1623 880 1684 vela
902 1622 1017 1686 carinae

293 1709 432 1788 Mossyni,
456 1726 507 1768 vos
529 1715 559 1766 et
581 1707 703 1770 stabulis
725 1708 877 1772 Macrones
899 1707 934 1770 ab
956 1707 1022 1772 altis

293 1796 476 1874 Byzeresque
498 1793 562 1870 vagi
585 1792 779 1872 Philyraeque
800 1811 815 1854 a
839 1792 958 1854 nomine
981 1792 1056 1856 dicu

293 1881 388 1952 litora,
412 1897 486 1957 quae
509 1896 603 1940 cornu
627 1877 741 1956 pepulit
761 1871 907 1942 Saturnus
930 1875 1048 1954 equino.

337 1963 462 2024 Ultimus
485 1963 552 2024 inde
575 1962 659 2023 sinus
681 1978 858 2038 saevumque
879 1961 976 2022 cubile
998 1960 1164 2023 Promethei

294 2049 434 2119 cernitur,
458 2047 489 2106 in
513 2045 622 2122 gelidas
645 2061 828 2123 consurgens
853 2045 998 2108 Caucasus
1020 2053 1124 2106 arctos.

294 2132 342 2192 ille
365 2130 451 2190 etiam
474 2129 593 2192 Alciden
617 2130 730 2192 Titania
752 2129 808 2190 iaia
830 2138 994 2192 morantem

295 2216 429 2277 attulerat
451 2221 513 2279 tum
535 2215 611 2276 sorte
634 2215 711 2289 dies;
734 2215 850 2294 iamque
872 2234 974 2295 aspera
997 2215 1063 2276 uisu

295 2301 427 2379 undique
449 2300 617 2362 convellens
640 2301 745 2362 veteris
768 2319 836 2362 cum
858 2308 954 2379 strage
977 2301 1101 2379 pruinae

294 2386 409 2447 vincula
432 2404 540 2465 prensa
561 2405 651 2448 manu
674 2386 750 2448 saxis
772 2386 930 2448 abduxerat
950 2386 1017 2448 imis

295 2471 404 2531 arduus
427 2478 455 2530 el
478 2471 557 2532 laevo
575 2471 694 2547 gravior
716 2471 805 2548 pede;
829 2479 971 2532 consonat
993 2470 1098 2547 ingens

296 2555 452 2626 Caucasus,
476 2561 504 2614 et
526 2572 640 2612 summo
663 2555 773 2631 pariter
794 2574 862 2616 curn
884 2563 985 2616 monte
1006 2561 1123 2616 secutae

295 2638 458 2699 incubuere
480 2637 575 2698 trabes
597 2636 779 2715 abductaque
799 2640 921 2701 flumina
944 2647 1045 2718 ponto.

298 2725 330 2783 lit
351 2724 458 2801 hagor,
482 2722 623 2786 aetherias
648 2741 701 2784 ceu
724 2722 858 2802 luppiter
879 2726 988 2788 arduus
1011 2741 1094 2786 arces

296 2808 447 2888 inpulerit,
471 2807 543 2870 imas
564 2826 669 2868 manus
692 2817 741 2870 aut
763 2808 910 2887 Neptunia
932 2817 1034 2871 terras.

295 2895 410 2953 horruit
432 2893 599 2954 inmensum
622 2893 709 2954 Ponti
731 2894 823 2966 latus,
846 2895 962 2957 horruit
983 2894 1080 2958 omnis

297 2978 450 3038 Armeniae
472 2985 641 3054 praetentus
663 2977 764 3052 Hiber,
789 2979 965 3057 penitusque
988 2999 1108 3042 recusso

296 3080 422 3139 aequore
446 3061 572 3137 Cyaneas
595 3061 709 3140 Minyae
731 3064 855 3125 timuere
877 3065 1002 3128 relictas.

296 3155 358 3205 tum
381 3144 490 3222 gemitu
513 3145 652 3223 propiore
675 3147 793 3226 chalybs
816 3149 985 3227 densusque
1008 3149 1131 3212 revulsis

296 3229 419 3306 rupibus
442 3229 535 3289 audiri
557 3230 665 3290 montis
688 3231 770 3294 labor
792 3241 820 3292 et
842 3252 927 3312 grave
948 3234 1034 3296 Titan

297 3313 468 3390 vociferans,
492 3316 564 3375 fixos
586 3316 717 3394 scopulis
740 3318 809 3378 dnm
832 3318 949 3380 vellitur
971 3327 1061 3380 artus.

288 3635 341 3686 tae.
364 3633 389 3684 in
406 3633 428 3684 si
448 3634 486 3686 nis
504 3634 536 3698 V,
554 3636 660 3702 insignis
678 3635 712 3686 M.
800 3639 856 3688 140.
875 3636 968 3690 celsis?
1050 3640 1104 3690 147.
1124 3637 1241 3704 indigena
1260 3642 1288 3688 et

216 3715 333 3767 aerupem
351 3717 379 3764 π,
397 3701 404 3752 i
442 3700 590 3756 eGenetaei
608 3718 694 3769 rupem
715 3701 777 3754 Cet
795 3705 863 3767 Aug.
883 3703 1032 3756 Politinnas
1051 3705 1146 3771 (Epist.
1165 3705 1183 3768 l,
1196 3708 1285 3766 tal.-

215 3769 273 3820 hinc
291 3770 335 3820 tibi
354 3784 453 3822 mavors
471 3785 499 3835 π,
516 3770 574 3822 inde
593 3770 722 3837 Tymauos
743 3769 777 3833 0,
796 3770 853 3822 hine
871 3770 1022 3824 Tibarenum
1041 3775 1111 3838 Aug.
1130 3774 1287 3825 Politiunur.

287 3837 537 3903 151.-n100ss0nycni
556 3837 588 3900 V,
606 3837 769 3904 Mussouychi
787 3839 822 3902 M,
840 3837 955 3905 Mossyni
975 3858 1004 3907 ᾳ.
