2764 4340
593 229 619 281 G.
636 228 754 282 vonum
770 228 881 282 FLAGGl

282 403 422 482 Iliacique
443 403 519 464 lares
541 403 673 483 tantique
695 403 799 483 palatia
821 402 915 482 regni.

284 490 438 553 inruerant
459 495 538 549 actae
561 489 671 568 pariter
691 495 835 568 nataeque
858 505 1011 565 nurusque

284 581 404 653 totaque
425 573 481 634 iam
503 573 614 654 sparsis
636 581 781 636 exarserat
802 573 898 634 insula
919 571 1069 633 monstris.

284 659 334 721 illa
355 659 419 740 pias
440 667 548 720 armata
570 677 675 721 manus
694 653 776 738 ‘luge
797 659 935 738 protinus
956 657 1060 718 urbem

284 763 401 824 meque,
424 752 522 826 pater3
544 763 606 806 non
628 744 740 820 hostis‚'
763 745 803 805 ait
821 738 896 804 ‘non
918 743 1035 804 moenia
1055 744 1127 806 laesi
1279 757 1323 807 250

283 830 412 892 Thraces
425 829 553 907 hahent;
569 838 704 892 nostrum
717 830 774 890 hoc
787 829 912 890 lacinus.
928 848 966 889 ne
981 846 1104 907 quaere,
1121 831 1189 909 quis
1211 839 1320 894 auctor.

284 915 341 976 iam
362 915 447 995 luge,
471 915 527 976 iam
550 915 654 976 dubiae
676 914 785 976 donum
808 932 877 993 rape
899 913 1006 974 mentis
1028 920 1180 977 alensem
1363 936 1364 939 ¹

283 1007 316 1062 tu
338 1000 447 1080 potius,
470 1001 619 1078 miserere,
641 996 727 1062 tene?
772 1007 845 1061 tunc
867 998 976 1078 excipit
995 1005 1077 1058 artus

284 1085 467 1166 obnubitque
489 1093 578 1167 caput
598 1085 778 1164 tacitumque
800 1084 836 1146 ad
857 1084 975 1145 conseia
987 1083 1101 1144 Bacchi

282 1171 392 1251 templa
412 1171 498 1252 rapit,
521 1172 677 1252 primoque
697 1189 803 1233 manus
824 1189 840 1230 a
860 1168 962 1230 limine
983 1169 1107 1230 tendens
1278 1184 1318 1236 aas

280 1247 386 1318 ‘exime
409 1275 464 1318 nos
486 1257 606 1334 sceleri,
629 1265 727 1337 pater,
750 1263 780 1317 et
799 1256 940 1317 miserere
961 1254 1079 1333 piorum

284 1335 396 1402 mrsus’
421 1342 470 1403 ait.
519 1343 606 1403 tacita
628 1341 763 1422 pavidum
786 1347 859 1401 tuno
879 1339 948 1401 sede
969 1339 1073 1399 locavit

282 1425 337 1486 suh
360 1425 485 1506 pedihus
507 1428 665 1505 dextraque
687 1425 748 1500 dei;
771 1425 840 1487 latet
861 1423 910 1486 ille
931 1431 1067 1503 receptus

282 1516 361 1571 veste
383 1527 480 1586 sacrm
502 1529 589 1572 voees
611 1511 719 1572 chorus
742 1518 771 1571 et
791 1509 937 1571 trieterica
958 1509 1084 1570 reddunt

282 1613 349 1656 aera
371 1614 478 1657 sonum
500 1597 632 1676 fixaeque
653 1596 784 1657 fremunt
804 1596 835 1656 in
858 1594 960 1655 limine
981 1593 1081 1673 tigres.
1127 1643 1129 1648 .
1275 1610 1318 1660 noo

282 1681 385 1759 regina
406 1688 440 1742 ut
460 1681 554 1742 roseis
577 1683 720 1743 Auroram
743 1698 865 1759 surgere
887 1677 963 1759 bigis

281 1765 352 1827 vidit
374 1772 404 1826 et
423 1766 553 1828 insomni
574 1767 693 1828 lassatas
715 1765 832 1827 turbine
853 1765 971 1834 tandem

282 1851 460 1913 conticuisse
482 1853 594 1928 domos,
617 1851 749 1914 stabilem
771 1851 889 1930 quando
911 1849 1020 1929 optima
1041 1849 1115 1910 lacta

282 1937 352 1998 dant
373 1936 504 1998 animum
525 1939 676 2016 maiorque
697 1938 755 2017 piis
776 1935 896 1996 audacia
918 1934 1040 2013 coeptis,

282 2027 359 2081 serta
380 2021 457 2099 patri
478 2022 652 2101 iuvenisque
673 2039 786 2082 comam
807 2025 961 2098 vestesque
982 2017 1070 2098 Lyaei
1276 2033 1318 2085 265
1368 2065 1369 2098 t

282 2104 379 2165 induit
400 2111 429 2166 et
449 2106 579 2167 medium
601 2123 691 2166 curru
713 2106 791 2166 locat
811 2121 937 2182 aeraque
960 2103 1072 2166 circum
1368 2099 1369 2130 ³

281 2196 478 2270 tympanaque
501 2199 530 2251 et
550 2191 653 2270 plenas
674 2190 760 2252 tacita
781 2188 938 2251 lornridine
960 2189 1056 2250 cistas.

281 2275 345 2355 ipsa
366 2275 450 2337 sinus
471 2276 647 2356 hederisque
668 2276 739 2356 ligat
758 2274 949 2337 famularibus
970 2281 1051 2335 artus

281 2360 526 2441 pampineamque
546 2361 641 2440 quatit
661 2361 790 2423 ventosis
811 2360 918 2423 ictibus
938 2360 1050 2420 hastam

280 2445 458 2523 respiciens,
480 2455 578 2508 teneat
598 2446 705 2508 virides
724 2447 835 2508 velatus
855 2445 984 2506 habenas

281 2535 315 2589 ut
335 2537 464 2607 pateret
486 2530 570 2591 nivea
590 2537 723 2591 tumeant
743 2537 777 2591 ut
798 2547 908 2590 cornua
929 2529 1014 2590 mitra

283 2620 312 2673 et
332 2631 415 2673 sacer
437 2620 470 2673 ut
489 2615 638 2675 Bacchum
659 2615 767 2676 reserat
787 2615 925 2693 scyphus.
969 2614 1078 2692 inpulit
1098 2613 1159 2674 acri

280 2703 344 2758 tum
364 2697 472 2759 validas
493 2699 619 2762 stridore
639 2700 718 2761 lorea
740 2699 912 2779 rapiturque
933 2717 989 2778 per
1008 2699 1113 2760 urbem

279 2781 348 2844 talia
368 2801 440 2845 voce
462 2803 585 2848 canens:
605 2778 720 2866 ‘linque
742 2803 759 2845 o
782 2784 854 2845 mihi
875 2786 963 2845 caede
983 2785 1157 2860 madentem,

279 2868 409 2946 Bacche,
432 2869 566 2946 domum;
588 2871 654 2934 sine
674 2871 821 2932 foedatum
843 2877 872 2932 te
892 2870 997 2930 funere
1020 2876 1129 2949 pontus
1272 2880 1317 2932 275

281 2953 378 3032 expiet
400 2961 429 3014 et
448 2956 572 3017 referam
594 2957 671 3017 lotos
692 2957 724 3017 in
745 2955 855 3034 templa
875 2952 1036 3016 dracones?

280 3038 324 3098 sic
343 3039 455 3100 medios
477 3057 594 3118 egressa
615 3048 726 3115 metus;
749 3040 819 3100 lacit
839 3041 904 3119 ipse
924 3040 1080 3100 verendam

281 3141 348 3184 nam
371 3123 443 3186 deus
465 3133 495 3186 et
513 3125 584 3186 flatu
606 3145 667 3187 non
689 3125 781 3186 inscia
803 3125 900 3203 gliscit
920 3124 1036 3186 anhelo.

280 3207 397 3285 iamque
418 3228 520 3272 senem
541 3210 636 3272 tacitis
653 3229 740 3272 saeva
761 3210 867 3290 procul
887 3209 961 3270 urhe
983 3215 1128 3270 remotum

280 3293 428 3355 occuleret
448 3295 537 3371 silvis,
560 3296 654 3376 ipsam
675 3295 728 3356 sed
749 3295 887 3356 conscius
901 3294 965 3355 ausi
1271 3302 1316 3354 280

280 3384 367 3438 nocte
388 3379 493 3458 dieque
514 3400 605 3461 pavor
625 3381 815 3459 fraudataque
835 3380 934 3440 turbat
953 3378 1069 3459 Erinys.

280 3480 340 3524 non
363 3463 472 3528 similes
493 3465 551 3528 iam
571 3468 650 3529 terre
672 3467 779 3528 choros
801 3465 902 3542 (semel
924 3464 1005 3544 orgia
1024 3463 1140 3539 fallunt)

263 3717 320 3769 252.
338 3717 440 3770 noctis?
463 3717 525 3782 (est.
548 3719 618 3774 arat.
687 3720 745 3774 253.
772 3717 878 3770 miserae
901 3717 980 3768 retine
1006 3713 1197 3779 0Mn.‚·miser
1219 3727 1264 3766 oro

197 3787 255 3836 tene
272 3781 322 3837 He.
375 3787 432 3837 259.
450 3785 536 3838 tholus
554 3785 646 3837 loeots
664 3787 743 3853 (Add.
764 3789 898 3838 animadv.
917 3789 945 3835 r'n
963 3785 1025 3836 Aru.
1043 3799 1069 3850 p.
1089 3783 1141 3851 lt).
1204 3785 1263 3836 268.

195 3852 342 3904 flamuribus
361 3852 393 3918 V,
410 3853 572 3906 famularibus
594 3855 625 3904 dl.
695 3857 754 3906 Yll.
773 3858 801 3906 ut
818 3859 890 3920 pater
902 3853 961 3918 Vr,
979 3857 1058 3920 utque
1082 3855 1155 3918 paler
1174 3851 1216 3917 M,
1233 3856 1263 3904 ot

195 3925 268 3988 pater
285 3924 311 3972 et
329 3920 355 3972 C.
393 3923 465 3975 28⁰.
484 3921 596 3974 occuluit
613 3921 660 3973 Th.
