2792 4340
471 187 728 242 Antunnvrluon
744 188 838 272 trosly
855 189 895 244 lV.

188 363 292 443 prima
313 377 405 422 manu
426 359 475 420 cui
497 359 574 420 dona
595 357 712 422 leram?
733 379 802 422 mox
823 361 961 424 omnihus
983 363 1063 426 idem

190 447 251 509 ibit
272 446 378 507 honos.
422 445 492 524 luga
514 443 570 506 suh
591 453 694 520 terras,
716 445 787 524 luga
808 447 890 509 nulla
911 466 966 527 per
987 467 1083 510 auras.

190 551 253 594 nco
275 529 413 592 lacrimae
435 529 587 591 neoforto
609 548 713 609 preces
735 531 871 610 superive
892 532 985 594 vocati

191 623 318 698 pectora
340 621 440 676 nostra
461 621 581 676 movent
588 632 597 689 ;
620 614 685 676 aliis
706 633 758 676 rex
779 615 913 696 luppiter
932 617 1004 697 oris.

190 703 263 763 faxo
285 699 463 778 Bebrycium
485 707 613 778 nequeat
634 700 844 763 transcendere
866 701 977 782 puppis
1195 715 1242 766 220

192 786 256 848 ulla
277 786 387 846 lretum
409 791 439 845 et
460 791 552 863 ponto
574 783 674 846 volitet
695 784 867 866 Symplegas
889 780 989 848 inani?

239 869 322 932 Talia
344 868 423 930 dicta
443 867 543 942 dabat,
567 887 635 930 oum
657 869 794 949 protinus
816 889 903 951 asper
924 871 1011 932 lason

194 963 225 1017 et
247 954 335 1015 simul
358 953 499 1014 Aeacidae
521 953 609 1014 simul
631 961 661 1016 et
683 953 839 1034 Calydonis
860 955 972 1018 alumni

192 1038 374 1117 Nelidaeque
396 1037 522 1117 Idasque
544 1039 627 1117 prior
648 1057 724 1117 quae
745 1040 871 1103 maxima
892 1047 1020 1119 surgunt

193 1125 333 1197 nomina;
356 1123 409 1184 sed
431 1123 511 1185 nudo
533 1130 653 1185 steterat
675 1123 732 1185 iam
753 1133 874 1203 pectore
896 1126 1010 1187 Pollux.
1193 1136 1239 1186 225

192 1217 259 1271 tum
280 1226 372 1289 pavor
393 1216 423 1269 et
444 1207 559 1286 gelidus
581 1207 679 1269 defixit
701 1208 820 1270 Castora
841 1210 971 1289 sanguis.

195 1313 265 1356 nam
287 1312 343 1354 nec
366 1292 402 1354 ad
423 1291 488 1352 Elei
510 1310 640 1371 pugnam
662 1292 740 1355 videt
761 1311 813 1354 ora
835 1295 976 1373 parentis,

196 1398 253 1441 nec
275 1385 360 1438 sonat
382 1376 522 1438 Oebalius
545 1395 648 1438 caveae
669 1377 751 1438 lavor
772 1386 823 1439 aut
844 1379 913 1459 iuga
935 1387 1004 1442 nota

196 1462 332 1543 Taygeti,
356 1461 461 1523 lavitur
482 1461 593 1540 patrios
615 1462 667 1523 uhi
689 1463 782 1524 victor
803 1463 840 1524 ad
861 1483 973 1540 amnes,

196 1567 253 1610 neo
275 1546 403 1627 pretium
425 1545 546 1625 sonipes
567 1554 619 1608 aut
639 1565 738 1610 sacrae
761 1555 863 1610 taurus
884 1549 1022 1624 harenae,
1194 1557 1241 1608 200

196 1632 327 1713 praemia
350 1630 402 1694 sod
423 1649 524 1694 manes
546 1630 722 1711 reclusaque
744 1631 832 1694 ianua
854 1632 912 1694 leti.

195 1718 281 1779 illum
302 1718 430 1795 Amycus
452 1733 508 1776 neo
529 1715 627 1777 fronte
648 1723 763 1778 trucem
786 1736 842 1778 neo
863 1717 941 1779 mole
963 1719 1148 1781 tremendum

195 1802 315 1864 vixdum
336 1800 424 1862 etiam
446 1799 558 1879 primae
581 1808 770 1880 spargentem
792 1801 877 1880 signa
899 1802 1034 1864 iuventae

196 1906 249 1948 ore
271 1884 418 1947 renidenti
440 1886 570 1946 lustrans
592 1885 654 1945 chit
676 1893 705 1948 et
726 1885 824 1947 fremit
845 1904 961 1961 ausum,

196 1971 437 2051 sanguineosque
458 1976 534 2030 rotat
555 1969 641 2031 furiis
662 1969 834 2031 ardentibus
856 1970 952 2034 orhes.
1195 1981 1240 2032 235

196 2075 259 2118 ηοη
281 2055 366 2117 aliter
387 2054 445 2116 iam
467 2073 559 2134 regua
580 2053 651 2134 poli,
676 2054 734 2116 iam
755 2062 840 2134 capta
861 2056 1020 2136 Typhoeus
1161 2073 1164 2077 ·

195 2149 274 2202 astra
294 2141 394 2202 serens
415 2139 563 2201 Bacchum
585 2147 653 2201 ante
673 2139 751 2202 acies
773 2139 958 2219 primamque
981 2141 1104 2202 deorum

195 2225 313 2287 Pallada
335 2231 364 2287 et
385 2223 538 2304 oppositos
560 2223 654 2284 doluit
675 2224 731 2285 sihi
753 2224 875 2303 virginis
897 2242 1019 2304 angues.

195 2311 240 2372 sic
260 2310 332 2370 adeo
355 2309 524 2388 insequitur
544 2307 706 2386 rabidoque
728 2308 768 2369 ita
788 2327 940 2370 murmure
962 2316 1069 2371 terret:

192 2391 343 2474 ‘quisquis
365 2411 407 2468 es,
430 2392 532 2454 infelix
553 2392 649 2454 celera
670 2411 761 2472 pnor;
783 2393 855 2454 haut
875 2392 929 2454 tihi
950 2393 1092 2473 pulchrae
1194 2403 1241 2454 240

195 2479 338 2541 manserit
359 2478 416 2538 hoc
438 2477 515 2539 ultra
536 2477 642 2538 frontis
665 2479 755 2539 decus
777 2496 863 2539 orave
885 2478 971 2539 matri

197 2564 376 2626 notatores.
420 2569 493 2624 tune
514 2580 532 2622 a
553 2561 640 2623 sociis
664 2563 774 2624 electus
797 2560 932 2642 iniquis?

196 2658 269 2710 tune
292 2646 393 2727 Amyci
414 2646 542 2708 moriere
563 2641 685 2709 manul’
709 2666 765 2709 nec
786 2648 872 2728 plura
892 2655 1023 2709 moratus

196 2735 334 2813 ingentes
356 2749 474 2792 umeros
496 2731 684 2810 spatiosaque
706 2732 835 2811 pectoris
858 2751 923 2792 ossa

198 2817 322 2898 protulit
342 2816 567 2894 horrendosque
590 2817 662 2877 toris
684 2816 861 2876 inlonnihus
882 2823 973 2876 artus.
1195 2824 1241 2876 245

199 2902 340 2964 deficiunt
360 2901 425 2962 visu
447 2899 571 2980 Minyae,
594 2901 719 2961 miratur
741 2908 770 2962 et
792 2900 856 2980 ipse

200 2985 396 3066 Tyndaridem
419 2985 495 3047 redit
517 2985 634 3046 Aloidae
656 2984 714 3046 iam
735 3003 801 3046 sera
824 2983 931 3064 cupido

200 3081 229 3133 ct
249 3089 356 3132 vacuos
378 3076 488 3132 maesto
511 3069 676 3130 lustrarunt
696 3069 808 3132 lumine
830 3077 956 3131 montes.

199 3167 229 3218 at
250 3163 330 3218 satus
351 3172 499 3234 aequoreo
520 3155 599 3216 latur
620 3162 693 3216 tuno
715 3155 782 3216 talia
804 3173 887 3234 rege:

194 3237 307 3321 ‘aspice
330 3247 359 3301 et
379 3239 452 3300 hacc
474 3238 573 3300 crudis
596 3239 698 3300 durata
719 3239 867 3301 volumina
890 3237 998 3311 tauris;
1195 3246 1241 3297 250

199 3345 255 3387 nec
276 3332 345 3404 peto
368 3324 456 3386 sortis
479 3342 575 3404 opem,
599 3324 650 3385 sed
672 3343 748 3404 quos
769 3332 854 3404 potes
876 3322 967 3384 indue
989 3316 1123 3384 caestus?

241 3409 319 3470 Dixit
341 3417 370 3470 et
391 3409 546 3488 urguentis
568 3417 636 3488 post
658 3427 724 3471 sera
745 3408 861 3489 piacula
882 3407 934 3468 sati

198 3493 318 3556 nescius
342 3502 504 3555 extremum
525 3494 583 3554 hoc
604 3494 694 3555 armis
716 3494 868 3554 innectere
889 3492 1001 3572 palmas

110 3629 422 3644 μ..-

182 3714 240 3764 224.
259 3711 414 3777 Nelidesque
431 3727 459 3776 n,
476 3710 632 3776 Nelidaeque
650 3709 695 3762 He.
782 3711 840 3763 226.
859 3725 916 3761 oum
933 3725 961 3771 n,
980 3712 1034 3760 tum
1056 3705 1102 3760 Ta.

110 3781 173 3835 229.
192 3778 291 3846 capitur
310 3779 336 3832 0.
407 3781 465 3832 242.
483 3782 560 3830 tuneo
578 3796 606 3844 rr,
624 3783 685 3830 tune
702 3792 717 3828 e
737 3776 792 3843 CB,
810 3782 871 3829 tune
889 3793 903 3828 a
924 3775 970 3828 Th.
1042 3778 1100 3829 250.
1119 3777 1188 3828 crudi

111 3887 117 3899 .
140 3889 146 3901 .
167 3886 174 3898 .
193 3885 199 3897 .
218 3848 284 3900 tauri
302 3847 347 3900 He.
417 3849 475 3900 251.
494 3853 553 3915 pete
571 3864 598 3911 n,
617 3851 677 3912 peto
695 3844 760 3898 Bur.
