2764 4340
586 189 612 238 c.
630 187 748 238 vinnm
763 164 874 238 hancei

303 364 384 424 hunc
406 362 566 441 profugum
588 367 617 419 et
638 377 735 420 sacras
756 368 954 422 revomentem
976 367 1095 440 pectore
1116 364 1258 440 flammas,
1300 377 1322 429 tt

304 455 339 509 ut
358 452 538 520 memorant,
560 463 703 526 prensum
725 444 789 524 ipsc
811 445 903 505 comis
925 445 1081 525 Neptunus
1103 446 1134 508 in
1157 451 1250 512 altum

303 533 422 594 abstulit
443 531 646 611 implicuitque
666 529 745 591 vadis
767 529 934 608 totiensque
956 537 1077 592 cruenta

303 617 381 679 mole
402 623 606 696 resurgentem
626 614 1041 694 torquentemqueanguibus
1063 618 1157 680 undas

303 703 454 764 Sicanium
476 701 555 764 dedit
576 718 671 779 usque
692 700 800 761 fretum
822 719 950 779 cumque
971 700 1095 762 urbibus
1117 704 1242 768 Aetnam

302 787 403 849 intuht
423 805 474 847 ora
495 803 649 866 premens3
671 792 740 846 trux
761 786 811 848 ille
832 785 935 847 eiectat
956 786 1036 847 adesi
1299 799 1322 850 tt

302 873 492 934 fundamenta
513 871 590 950 iugi;
613 869 723 953 pariter
743 878 816 931 tunc
838 871 934 932 omnis
956 871 1072 933 anhelat

301 957 463 1033 Trinacria,
486 957 623 1039 iniectam
644 957 722 1018 lasso
745 956 815 1018 dum
836 963 957 1036 pectore
978 955 1086 1020 molem

302 1048 465 1104 commoret
486 1041 641 1122 experiens
664 1040 834 1120 gemituque
855 1041 974 1121 reponit
995 1041 1085 1103 inani.

341 1128 461 1206 lamque
483 1126 683 1207 Hyperionius
704 1133 796 1188 metas
809 1126 898 1188 maris
919 1134 1028 1206 urguet
1048 1127 1150 1189 Hiberi

301 1232 407 1274 currus
430 1221 458 1274 et
480 1220 595 1274 evectae
616 1231 711 1292 prono
733 1212 868 1272 laxantur
889 1211 1019 1273 habenae

300 1299 432 1374 aethere,
456 1317 524 1359 cum
545 1298 656 1378 palmas
679 1298 788 1376 Tethys
810 1297 970 1374 grandaeva
992 1297 1135 1377 sinusque

299 1383 419 1444 sustulit
440 1390 469 1443 et
490 1391 579 1462 rupto
602 1382 703 1443 sonuit
723 1400 805 1443 sacer
827 1400 955 1460 aequore
977 1381 1072 1443 Titan.

299 1475 418 1528 auxerat
438 1469 511 1529 hora
531 1474 643 1542 metus,
666 1467 724 1526 iam
745 1486 777 1527 se
798 1466 938 1528 vementis
961 1467 1077 1546 Olympi

299 1560 333 1614 ut
352 1553 456 1614 faciem
478 1551 748 1631 raptosque-simul
769 1558 944 1630 montesque
964 1551 1106 1631 locosque

300 1656 335 1699 ex
355 1637 450 1698 oculis
471 1639 643 1715 circumque
665 1651 766 1716 greum
786 1637 884 1698 videre
905 1636 1050 1698 tenebras.

298 1723 362 1803 ipsa
384 1722 468 1802 quies
490 1739 590 1784 rerunt
611 1721 774 1801 mundique
796 1721 911 1782 silentia
932 1728 1045 1782 terrent

297 1816 434 1887 astraque
456 1816 485 1870 et
507 1808 607 1870 effusis
629 1807 761 1868 stellatus
782 1807 915 1868 crinibus
936 1807 1045 1868 aether.

297 1913 331 1955 ac
351 1894 431 1954 velut
453 1894 552 1972 ignota
574 1900 678 1974 captus
699 1893 821 1972 regione
841 1893 954 1954 viarum

297 1979 483 2056 noctivagum
505 1979 555 2057 qui
578 1979 672 2056 carpit
693 1977 749 2039 iter
770 1996 832 2038 non
855 1995 925 2037 aure
946 1977 1080 2055 quiescit,

298 2082 358 2123 non
381 2063 484 2138 oculis,
507 2061 662 2140 noctisque
683 2069 781 2123 metus
802 2061 887 2140 niger
908 2069 995 2142 auget
1016 2063 1165 2142 utrimque

297 2166 418 2226 campus
440 2154 470 2208 et
490 2162 652 2208 occurrens
673 2146 787 2208 umbris
808 2146 970 2208 maioribus
989 2148 1087 2223 arbor,

296 2233 374 2293 haud
396 2231 480 2294 aliter
501 2232 647 2312 trepidare
668 2232 732 2292 viri.
776 2232 828 2294 sed
848 2240 968 2312 pectora
988 2235 1109 2295 firmans

297 2309 461 2398 hagniides
479 2311 554 2379 ‘non
576 2311 660 2379 hanc'
685 2317 783 2397 inquit
800 2318 879 2380 ‘sine
901 2319 1032 2380 numine·
1045 2319 1149 2398 pinum

296 2403 463 2483 dirigimus,
487 2423 544 2465 nec
563 2421 615 2464 me
632 2411 746 2465 tantum
768 2403 901 2464 Tritonia
923 2423 1028 2466 cursus

296 2488 419 2564 emdiit;
442 2507 529 2568 saepe
544 2489 615 2567 ipsa
636 2507 724 2550 manu
748 2489 865 2566 dignata
887 2489 1015 2550 carinam
1037 2497 1090 2550 est.

295 2591 332 2633 an
355 2591 416 2632 non
438 2573 571 2652 experti,
594 2571 710 2634 subitus
731 2591 799 2634 cum
820 2573 887 2634 luce
908 2574 1007 2654 iugata

279 2656 411 2717 =horruit
431 2657 525 2719 imbre
547 2655 633 2718 dies?
655 2659 782 2736 quantis,
805 2675 860 2738 pro
881 2657 1024 2739 luppiteb,
1046 2659 1154 2722 austris

295 2741 469 2803 restitimusl
494 2749 602 2822 quanta
623 2743 761 2822 quotiens
784 2751 813 2805 et
834 2743 959 2805 Palladis
980 2751 1042 2806 arte

294 2827 442 2890 incassum
465 2827 594 2890 decimae
616 2829 720 2890 cecidit
740 2837 840 2890 tumor
861 2830 970 2891 arduas
992 2830 1104 2891 undael

294 2913 366 2991 quin
388 2913 474 2993 agite,
496 2933 514 2973 o
536 2913 625 2989 socii;
646 2915 735 2976 micat
755 2915 935 2976 immutabile
956 2915 1070 2976 caelum

205 3072 208 3079 ι
293 3017 428 3078 puraque
450 3016 505 3058 neo
527 2999 643 3078 gravido
666 3000 793 3061 surrexit
815 3000 937 3080 Cynthia
958 3017 1063 3076 cornu,

293 3083 395 3144 nullus
414 3083 447 3144 in
469 3100 520 3144 ore
541 3084 642 3160 rubor,
665 3093 822 3164 certusque
843 3087 879 3146 ad
901 3085 967 3146 talia
988 3085 1073 3146 Titan

293 3167 408 3248 integer
429 3168 459 3229 in
481 3169 588 3231 ductus
611 3177 640 3232 et
657 3170 776 3232 ¹in·uno
795 3170 905 3232 decidit
925 3189 1006 3230 auro.

292 3252 380 3329 adde,
403 3253 483 3331 quod
504 3253 535 3313 in
557 3262 675 3316 noctem
695 3256 775 3318 renti
796 3255 920 3334 veloque
941 3255 1076 3334 narique

291 3336 468 3398 incumbunt
488 3339 581 3418 mapa
603 3348 632 3402 et
651 3341 747 3402 tacitis
760 3341 838 3402 'ratis
860 3339 942 3402 ocior
962 3341 1053 3402 horis.

291 3427 378 3501 atque
400 3423 471 3484 adeo
494 3443 554 3485 non
577 3425 626 3486 illa
646 3427 731 3505 sequi
753 3426 825 3488 mihi
847 3425 942 3487 sidera
962 3443 1047 3488 mens
1068 3433 1133 3502 stat,

291 3524 366 3590 quae
387 3509 505 3588 delapsa
526 3511 595 3589 polo
618 3512 710 3572 reiicit
731 3529 827 3572 mare:
850 3518 949 3574 tantus
973 3511 1065 3573 Orion

274 3743 315 3796 29.
332 3744 398 3812 rapit
414 3745 457 3796 ra.
478 3744 526 3810 (lll,
544 3747 618 3810 579);
635 3745 684 3798 aad
700 3747 750 3810 cfr.
770 3747 838 3798 sent.
861 3746 936 3798 Toou.
955 3746 973 3812 l,
992 3747 1054 3800 56Θᾷ
1086 3750 1127 3800 33.
1146 3761 1203 3800 cnm
1221 3765 1276 3803 mo·

206 3813 294 3873 retu,
311 3817 455 3864 commovet
473 3811 507 3866 B.
570 3815 611 3866 ot,
629 3820 656 3866 at
672 3831 706 3880 π,
730 3829 762 3866 an
786 3813 839 3868 Ba.
909 3817 949 3867 58.
973 3818 999 3866 et
1015 3817 1098 3881 puro?
1114 3843 1150 3856 -
1167 3829 1228 3870 euro
1245 3835 1275 3884 n,

206 3891 267 3929 auro
283 3885 315 3944 ψ.
384 3884 425 3934 61.
443 3884 585 3933 monstrant
602 3899 629 3946 π,
647 3897 717 3934 mens
734 3887 785 3934 stat
802 3883 858 3949 Hc,
875 3895 947 3935 mens
963 3887 1003 3933 eat
1018 3881 1042 3934 J.
1060 3880 1101 3938 W.
