2764 4340
421 187 678 242 insultatricem
694 189 821 244 LIBERI.

170 362 220 422 ille
241 361 315 422 milti
341 395 384 408 -
405 369 522 430 tantum
543 381 604 424 non
627 361 850 442 indignantibus
872 364 961 426 undis

169 447 228 507 hoc
249 453 338 525 caput
359 446 486 525 accipias
509 455 538 508 et
558 465 691 526 pressam
713 449 833 528 regibus
855 450 975 510 alnum'

170 531 214 592 sic
235 531 314 592 fatus
336 531 442 610 pingui
465 531 596 592 cumulat
617 533 756 594 libamine
777 535 932 595 llmcrmam.

254 616 436 676 Protulit'ut
457 617 570 678 crinem
592 617 693 678 densis
715 618 841 679 luctatus
863 620 894 679 in
917 620 991 681 extis

168 701 246 780 ignis
269 708 299 762 et
320 701 452 763 escendit
473 702 606 763 salientia
627 703 738 764 viscera
759 705 845 778 tauri,

168 805 237 848 ecoe
259 804 343 847 sacer
364 793 503 864 totusque
525 787 572 847 dei
594 805 649 866 per
670 786 756 849 litora
777 790 909 868 Mopsus,

168 871 391 944 inmanissimi,
414 870 573 950 vittamque
595 889 768 951 comamque
790 893 845 954 per
866 891 952 935 auras

167 963 338 1035 surgentem
361 955 522 1035 laurusque
544 964 628 1018 rotat.
673 977 728 1018 vox
751 959 861 1020 reddita
883 959 1010 1033 tandem,

165 1059 221 1101 ron
242 1041 391 1101 horrenda
411 1041 501 1115 viris3
523 1050 587 1102 tum
607 1042 682 1102 iacta
704 1043 819 1103 silentia
840 1044 907 1104 vati.

167 1126 236 1187 ‘heu
259 1144 403 1204 quaenam
425 1126 551 1205 aspicio}
577 1128 686 1188 uostris
708 1129 795 1188 modo
818 1129 953 1188 concitus
975 1128 1055 1188 ausis

166 1228 331 1290 aequoreos
352 1219 438 1272 vocat
459 1229 527 1272 ecce
550 1212 621 1272 deos
643 1212 801 1291 Neptunus
823 1220 852 1272 et
874 1213 981 1290 ingens

165 1295 334 1356 concilium.
378 1296 504 1357 fremere
525 1303 555 1357 et
576 1297 671 1374 legem
693 1298 851 1358 defendere
878 1297 977 1358 cuncti

165 1380 332 1441 hortantur.
377 1381 419 1440 sio
441 1381 586 1460 amplexu,
606 1381 650 1442 sic
671 1391 791 1461 pectora
811 1382 920 1454 fratris,

165 1465 250 1539 luno,
274 1473 358 1538 tene;
380 1473 473 1544 tuque
496 1485 513 1525 o
537 1483 669 1545 puppem
691 1486 729 1527 ne
752 1467 870 1537 desere,
893 1467 1003 1527 Pallas:

164 1568 256 1624 nunc,
279 1547 377 1629 patrui
400 1569 482 1612 nunc
503 1552 588 1611 ileote
609 1551 714 1612 minas.
758 1569 874 1612 cessere
888 1559 1047 1630 -ralemque

164 1652 307 1714 accepere
327 1635 411 1695 mari.
455 1653 510 1715 per
532 1643 605 1714 quot
627 1635 796 1697 discrimina
817 1655 918 1698 rerum

163 1719 319 1798 expediorl
343 1717 440 1781 subita
463 1737 516 1780 cur
538 1721 663 1799 pulcher
684 1721 849 1782 harundine
872 1723 969 1782 erices
1058 1751 1061 1758 ·

164 1805 240 1864 velat
261 1803 372 1884 Hyles?
395 1805 475 1865 unde
496 1823 571 1865 urna
593 1807 705 1866 umeris
728 1807 965 1884 niveosquepar
986 1813 1068 1866 artus

164 1889 315 1951 caeruleae
337 1887 458 1950 vestes?
480 1890 560 1950 unde
581 1891 654 1950 haec
675 1889 729 1950 tihi
750 1890 881 1963 volliers,
905 1887 1031 1950 Pollux?

163 1983 292 2053 quantus
314 1974 343 2034 io
365 1973 486 2035 tumidis
508 1983 661 2036 taurorum
684 1993 700 2035 e
723 1974 844 2036 naribus
867 1975 961 2053 ignisl

161 2060 272 2119 tollunt
294 2077 326 2119 se
349 2060 447 2137 galeae
470 2060 622 2138 sulcisque
644 2059 679 2120 ex
702 2060 840 2121 omnihus
861 2061 962 2120 hastae

162 2152 193 2205 et
214 2144 272 2204 iam
294 2143 411 2222 iamque
432 2145 537 2205 umeri.
579 2163 671 2222 quem
694 2145 807 2206 circum
829 2145 936 2206 vellera
959 2145 1083 2206 Martem

160 2226 296 2308 aspicio?
318 2247 463 2306 quaenam
485 2229 602 2307 aligeris
625 2237 705 2290 secat
724 2229 872 2307 anguibus
893 2247 981 2290 auras

161 2313 251 2375 caede
272 2311 415 2374 madeus?
438 2331 514 2391 quos
537 2331 609 2374 ense
629 2312 720 2374 serit?
742 2314 832 2374 miser
855 2315 936 2392 eripe
958 2331 1064 2392 parvos

160 2397 318 2460 Aesonide.
362 2417 453 2460 cerno
476 2417 513 2458 en
535 2398 678 2459 thalamos
699 2399 802 2459 ardere
823 2398 954 2476 iugales)

204 2483 369 2543 Iandudum
392 2525 473 2544 ....
497 2483 609 2562 Minyas
631 2483 752 2561 ambage
774 2483 939 2562 ducemque

160 2569 316 2629 terrificat:
341 2569 393 2628 sed
416 2569 495 2628 enim
518 2575 621 2628 contra
643 2568 809 2629 Phoebeius
830 2568 945 2641 ldmom

160 2672 223 2713 non
246 2652 358 2730 pallore
380 2653 461 2727 viris,
478 2665 546 2713 'non
568 2653 630 2713 ullo
654 2653 777 2714 horrore
800 2671 951 2714 comarum

159 2737 309 2810 terribilis,
333 2739 440 2816 plenus
462 2738 529 2798 latis
550 2737 730 2816 Phoeboque
752 2737 863 2815 quieto,

160 2823 222 2899 (cui
246 2823 362 2900 genitor
383 2822 487 2883 tribuit
507 2822 623 2882 monitu
645 2840 841 2901 praenoscere
864 2822 962 2880 divum

161 2908 269 2977 omina,
293 2925 346 2967 seu
367 2908 498 2968 flammas
520 2925 575 2966 seu
598 2907 710 2967 lubrica
732 2905 898 2966 comminus
921 2913 985 2965 exte

160 3008 213 3053 seu
236 2992 360 3071 plenum
382 2992 471 3053 certis
492 2991 656 3069 interroget
678 3010 744 3052 aera
767 2991 880 3070 pinnis)

160 3077 204 3137 sio
226 3077 315 3138 sociis
337 3077 501 3156 Mopsoque
524 3076 618 3137 canit:
642 3081 798 3154 ‘quantum
819 3093 915 3154 augur
936 3073 1041 3154 Apollo

158 3163 334 3240 flammaque
357 3162 451 3241 prima
473 3162 566 3234 docet,
589 3162 727 3241 praeduri
750 3161 837 3240 plena
859 3161 967 3221 laboris
1154 3162 1198 3213 235

159 3265 251 3308 cerno
274 3247 420 3325 equidem,
442 3246 557 3325 patiens
578 3248 631 3309 sed
653 3265 728 3324 quae
750 3246 820 3306 ratis
842 3244 940 3305 omnia
961 3245 1067 3306 vincet.

140 3468 200 3518 202.
218 3463 262 3516 ille
287 3464 346 3516 mi.
367 3503 373 3514 .
394 3461 425 3516 Vc
447 3462 499 3522 (ille
517 3479 601 3514 meum
620 3463 679 3527 Vel,
697 3457 740 3514 ilie
758 3465 826 3512 melu
845 3462 874 3526 Ρ,
900 3462 970 3514 illum
993 3476 1041 3528 ego
1065 3465 1093 3511 lu
1118 3459 1155 3512 Ma

69 3533 112 3586 ille
130 3533 195 3584 mihi
212 3533 273 3584 Sco.
343 3534 401 3584 aul.
412 3530 532 3582 libamina
560 3529 603 3584 Vr.
635 3577 639 3588 .
675 3533 732 3584 206.
751 3530 881 3581 aescendit
908 3529 939 3594 V,
965 3529 1096 3580 adscendit
1119 3527 1155 3593 M,

69 3601 187 3654 ascendit
203 3601 232 3666 P,
250 3599 363 3652 escendit
378 3597 430 3651 He.
483 3602 541 3651 213.
567 3615 652 3666 regem
676 3599 808 3661 Kiecch'ug
832 3599 874 3660 (da
900 3599 978 3648 Dion.
1000 3594 1066 3648 Hal.
1085 3602 1155 3647 caet.

69 3685 94 3734 p.
114 3671 173 3734 46).
260 3670 318 3719 214.
337 3668 467 3734 amplexus
487 3683 516 3728 n,
542 3667 660 3734 amplexu
679 3667 724 3716 lle.
778 3669 836 3718 2⁶26.
855 3671 925 3732 eto,
943 3681 975 3716 eu
993 3667 1025 3714 A.
1095 3667 1154 3716 227.

69 3743 145 3790 rates
170 3737 214 3788 uel
235 3736 342 3802 Mopsus
368 3752 394 3785 m
423 3739 462 3798 (r'n
480 3739 564 3798 nug),
594 3740 665 3786 vates
688 3734 789 3800 Minyas
824 3733 912 3797 hou,
949 3733 1024 3798 longa
1054 3731 1154 3800 Minyas

73 3804 125 3872 Gn,
146 3805 194 3856 hac
211 3811 283 3857 vates
301 3803 401 3871 Minyas
420 3803 474 3866 Ha,
493 3802 540 3853 hac
563 3802 662 3869 Minyas
681 3801 824 3860 valesl'la.;
843 3817 907 3851 natm
925 3801 967 3850 tali
977 3800 1095 3868 Minyas?

69 3874 127 3927 229.
147 3874 247 3928 oriola.
