2764 4340
581 225 607 277 G.
624 223 743 274 VALERI
760 223 870 276 FLACGl

272 395 423 474 reliquias
445 396 572 456 multum
593 397 710 457 famulis
732 397 780 476 pia
802 398 879 457 iusta
900 394 1030 469 moratis,

271 481 296 541 si
317 481 427 541 venias.
471 480 603 542 breviore
626 479 701 561 petit
720 482 778 542 iam
800 479 917 542 caerula
939 498 1021 540 remo
1265 496 1310 546 460

272 573 398 644 occupat
419 573 449 626 et
469 567 557 644 longe
580 585 633 627 sua
655 575 782 628 transtra
805 564 983 627 nouissimus
1005 564 1078 626 Idas

272 659 301 711 at
322 652 413 712 frater
433 669 556 728 magnos
579 651 714 730 Lynceus
737 659 871 712 servatur
891 649 922 710 in
944 668 1027 725 usus,

271 754 359 814 quern
381 736 449 796 tulit
471 738 578 809 Arene,
601 737 696 816 possit
717 737 769 816 qui
791 753 931 816 rumpere
952 742 1045 796 terras

272 828 301 882 et
322 821 411 900 Styga
434 821 608 882 transmisso
631 821 747 882 tacitam
770 821 952 901 deprendere
974 819 1047 880 visu.

270 906 409 966 fluctibus
432 925 448 966 e
469 906 573 967 mediis
594 914 688 967 terras
711 905 790 967 dabit
810 907 861 967 ille
882 904 1023 983 magistro
1265 914 1307 964 465

271 998 300 1051 et
321 991 401 1052 dabit
422 999 499 1051 astra
521 991 586 1066 rati,
609 987 737 1071 eumque
759 993 877 1053 aethera
899 989 1034 1069 luppiter
1055 989 1159 1052 umbra
1201 1058 1206 1074 ,

271 1075 443 1154 perdiderit,
466 1077 547 1136 solus
569 1077 706 1138 transibit
727 1076 828 1138 nubila
850 1076 996 1155 Lynceus,

203 1188 209 1202 ἰ
271 1161 345 1238 quin
369 1168 398 1221 et
420 1161 578 1240 Cecropiae
600 1162 699 1242 proles
720 1170 803 1224 vacat
825 1159 985 1240 Orithyiae,

271 1253 415 1325 temperet
435 1254 469 1306 ut
488 1248 631 1308 tremulos
653 1247 737 1308 Zetes
758 1249 908 1324 fraterque
930 1245 1085 1306 ceruchos.

271 1348 327 1391 nec
348 1350 417 1391 vero
441 1332 583 1410 Odrysius
604 1332 741 1392 transtris
763 1331 936 1411 inpenditur
958 1328 1096 1408 Orpbeus
1265 1333 1309 1384 470

272 1422 323 1475 aut
343 1423 469 1493 pontum
489 1434 572 1476 remo
594 1414 712 1494 subigit,
735 1417 787 1476 sed
809 1416 938 1477 carmine
960 1421 1061 1475 tonsas

272 1499 316 1559 ire
337 1501 431 1574 docet,
456 1508 571 1560 summo
593 1501 702 1579 passim
723 1520 763 1561 ne
786 1501 902 1580 gurgite
923 1507 1067 1580 pugnent.

272 1585 362 1645 donat
384 1593 413 1646 et
433 1585 547 1664 iphicle
569 1585 692 1664 pelagus
714 1587 913 1665 iuvenumque
935 1584 1051 1646 labores

273 1669 444 1744 Aesonides,
466 1671 578 1731 fessum
600 1670 725 1750 Phylace
747 1690 836 1749 quem
858 1670 978 1731 miserat
999 1688 1079 1744 aero,

273 1773 334 1814 non
356 1753 550 1834 iamoperum
572 1755 603 1816 in
618 1764 741 1835 partem,
763 1756 894 1817 monitus
916 1755 968 1816 sed
989 1755 1084 1816 tradat
1098 1761 1131 1814 ut
1144 1772 1229 1816 acres
1265 1768 1312 1818 475

271 1857 506 1920 magnorumque
528 1840 607 1900 viros
629 1841 838 1920 qui'laudibus
860 1847 927 1902 urat
948 1857 1078 1901 avorum.

272 1925 359 2003 Arge,
382 1932 449 1986 tuae
471 1925 523 1985 tibi
545 1945 616 1986 cura
638 1927 719 2000 ratis,
741 1935 770 1986 te
792 1925 909 1987 moenia
932 1925 1050 1985 doctum

272 2009 400 2087 Thespia
422 2009 551 2070 Palladio
574 2011 643 2070 dant
665 2027 803 2084 munere;
827 2028 892 2070 sors
913 2009 977 2083 tibi,
1001 2027 1098 2088 nequa

271 2100 354 2172 parte
376 2094 472 2154 trahat
492 2093 611 2154 tacitum
633 2095 743 2173 puppis
765 2113 846 2155 mare
868 2095 994 2173 fissaque
1016 2095 1108 2156 fluctu

271 2177 317 2238 vel
338 2177 404 2256 pice
425 2179 471 2239 vel
492 2178 573 2239 molli
595 2180 762 2241 conducere
783 2180 904 2240 vulnera
926 2197 1002 2240 cera.
1265 2187 1315 2238 480

271 2262 396 2343 pervigil
418 2264 541 2325 Arcadio
564 2263 676 2344 Tiphys
698 2265 845 2345 pendebat
866 2265 902 2324 ab
924 2272 1002 2324 astro

271 2347 448 2428 Hagniades,
471 2349 541 2410 lelix
563 2350 655 2410 stellis
678 2350 729 2430 qui
752 2349 893 2430 segnibus
915 2367 1003 2410 usum

272 2440 302 2493 et
322 2434 402 2494 dedit
423 2453 587 2512 aequoreos
609 2436 689 2496 caelo
713 2435 787 2496 duce
808 2436 930 2496 tendere
953 2451 1067 2495 cursus.

358 2517 435 2578 Ecce
457 2537 512 2596 per
533 2518 646 2596 obliqui
668 2519 803 2598 rapidum
825 2519 991 2598 conpendia
1012 2517 1120 2578 montis

273 2601 378 2662 ductor
400 2621 488 2662 avens
510 2602 664 2681 laetusque
686 2603 760 2663 dolis
783 2605 916 2682 agnoscit
937 2606 1074 2664 Acastum
1264 2617 1312 2668 485

272 2686 444 2748 horrentem
466 2687 568 2748 iaculis
590 2695 620 2748 et
641 2706 760 2767 parmae
781 2690 848 2749 luce
870 2704 1037 2749 coruscum.

272 2770 321 2831 ille
344 2771 395 2832 ubi
416 2791 448 2834 se
469 2771 582 2834 mediae
604 2791 659 2852 per
680 2781 762 2834 scuta
783 2774 922 2852 virosque
945 2773 1060 2834 carinae

271 2855 380 2931 intulit,
403 2858 517 2919 ardenti
539 2859 700 2920 Aesonides
722 2857 883 2920 retinacula
905 2859 985 2919 lerro

271 2941 410 3018 abscidit,
433 2943 504 3003 haut
524 2943 608 3004 aliter
629 2944 719 3004 saltus
740 2951 907 3022 vastataque
929 2943 1034 3022 pernix

271 3033 392 3086 venator
413 3044 468 3087 ceu
490 3026 582 3088 lustra
604 3028 680 3107 lugit
700 3029 881 3108 dominoque
901 3028 1053 3088 timentem
1262 3035 1313 3085 490

273 3118 381 3188 urguet
402 3129 523 3190 equum,
545 3119 662 3174 teneras
683 3131 864 3192 conpressus
886 3119 1006 3191 pectore
1028 3111 1129 3190 tigres,

273 3212 346 3272 quas
368 3203 432 3256 astu
455 3197 553 3276 rapuit
574 3197 687 3276 pavido,
711 3198 781 3259 dum
804 3217 887 3259 saeva
908 3196 1018 3258 relictis

272 3286 365 3339 mater
387 3279 417 3340 in
440 3282 560 3343 adverso
583 3283 687 3343 catulis
708 3284 974 3344 venatur0Amano.

272 3372 306 3424 ut
327 3364 438 3443 pariter
459 3368 600 3446 propulsa
622 3367 702 3441 ratis,
726 3375 804 3428 stant
825 3367 911 3436 litore
931 3375 1039 3428 matres

273 3448 408 3528 claraque
430 3451 492 3512 vela
514 3453 608 3513 oculis
630 3470 830 3532 percussaque
852 3451 914 3512 sole
936 3461 1078 3514 secuntur
1262 3457 1313 3508 495

188 3609 493 3629 —······—-———-·—

256 3753 314 3804 462.
343 3757 458 3804 servatus
484 3769 512 3818 n,
536 3758 651 3805 servatur
668 3755 699 3806 A.
770 3757 828 3806 479.
847 3755 964 3821 fessaque
980 3768 1009 3816 n,
1027 3751 1138 3819 fissaque
1155 3749 1186 3804 ll.

187 3819 247 3870 tuo.
265 3833 322 3871 oum
338 3836 368 3886 u,
385 3835 461 3887 quam
480 3822 564 3884 Boe,
582 3836 628 3872 eeu
646 3819 709 3876 Sei.
761 3825 819 3876 491.
839 3827 939 3874 teneros
955 3838 984 3887 n,
1001 3824 1100 3872 teneras
1117 3819 1141 3871 J.
1194 3833 1267 3871 corn-

187 3885 275 3952 plexus
294 3885 345 3940 ne.
415 3893 473 3942 493.
491 3891 620 3940 aversoA.
707 3893 765 3943 494.
783 3891 807 3940 it
821 3891 872 3959 ily.
893 3891 971 3955 (383).
