2792 4340
460 185 717 246 ARGONAVTICON
735 191 827 246 LIBER
845 194 874 244 V.

201 350 326 422 urguet,
350 349 379 404 et
400 341 450 404 ille
471 360 576 406 recens
598 344 693 408 oculis
715 345 870 408 intervolat
891 346 1004 410 Idmon.

203 428 371 490 exanimum
393 427 503 490 lrustra
524 427 639 506 Minyae
661 429 788 492 clamore
810 439 963 496 morentur

202 513 346 592 avellique
368 521 477 590 negant
484 530 493 586 ;
515 513 563 573 vix
583 513 714 576 membra
736 515 861 593 rigentia
882 517 999 579 taudem

201 600 363 678 inposuere
384 615 458 676 rogo
480 597 674 676 lacrimasque
697 607 727 660 et
747 618 870 662 munera
891 601 1015 664 flammis

201 702 275 749 vaua
295 683 410 755 lerunt;
434 682 540 748 crescit
561 681 647 747 donis
668 684 767 748 feralis
789 703 918 750 acervus.

202 777 236 830 ut
257 785 325 828 vero
348 767 500 844 amplexus
521 767 591 832 lessi
612 786 721 847 rupere
742 787 897 848 supremos

203 861 232 915 et
253 852 370 932 rapidae
393 869 521 918 sonuere
542 852 630 928 laces,
652 860 724 918 tunc
744 854 810 932 ipsa
831 856 954 918 cremari

203 939 264 1000 visa
286 937 356 1001 ratis
377 937 535 1015 medioque
557 937 635 1000 viros
657 938 808 1018 deponere
829 947 931 1019 ponto.

204 1042 265 1084 non
287 1021 354 1082 tulit
376 1022 537 1088 Aesonides
559 1022 684 1100 geminis
705 1023 857 1102 flagrantia
879 1041 1004 1088 cernens

204 1124 330 1186 corpora
352 1125 418 1168 cera
440 1107 535 1184 rogis,
558 1107 610 1170 sed
632 1115 751 1185 pectore
773 1109 878 1172 ductor
899 1108 935 1170 ab
957 1109 1016 1173 imo

203 1193 271 1253 talia
292 1210 363 1252 voce
386 1191 489 1270 gemit:
510 1184 596 1270 ‘quid
617 1199 732 1256 tantum
753 1193 870 1256 infensa
890 1201 1013 1272 repenle

203 1273 348 1340 numina?
371 1294 445 1354 quas
467 1276 562 1338 nostri
584 1295 694 1354 poenas
715 1295 850 1342 meruere
873 1276 1011 1339 labores?

202 1362 273 1422 bina
295 1361 401 1438 (nel'as)
424 1369 487 1420 tuto
510 1361 621 1439 pariter
641 1362 713 1424 mihi
733 1362 839 1425 funera
860 1370 987 1441 surgunt

203 1447 299 1508 litore.
342 1463 448 1523 magna
469 1445 549 1506 adeo
564 1445 704 1510 comitum
727 1465 943 1526 numerosaque
965 1444 1085 1526 pubes?

203 1539 254 1591 aut
275 1531 372 1596 socios
394 1530 471 1608 rapit
492 1538 553 1590 atra
574 1531 646 1605 dies,
669 1539 720 1594 aut
740 1531 804 1610 ipse
826 1532 963 1610 relinquo

205 1615 341 1676 sontibus
363 1615 500 1696 inpulsus
522 1615 629 1680 Furiis.
673 1616 724 1678 uhi
747 1613 881 1696 Tiphys?
904 1615 955 1678 ubi
976 1616 1079 1678 ldmon

204 1701 261 1760 lata
282 1696 417 1764 canens?
440 1699 490 1759 ubi
512 1699 716 1764 monstriferae
738 1719 793 1779 par
813 1701 862 1764 ille
885 1699 1048 1764 novercae?

204 1785 329 1856 tesino,
352 1784 525 1862 Thespiade‚
550 1803 604 1846 nos
626 1785 685 1848 ulla
706 1785 888 1848 movebimus
910 1785 986 1848 ultra

204 1866 354 1946 aequora?
377 1887 433 1932 nec
455 1887 568 1931 summa
590 1869 790 1948 speculantem
813 1888 915 1948 puppe
935 1869 1040 1934 videbo

205 1954 414 2030 Pleiadumque
436 1952 540 2030 globos
561 1960 590 2014 et
611 1961 731 2031 agentes
753 1954 889 2018 noctibus
911 1951 1039 2016 Arctos?

206 2038 254 2098 cui
275 2037 387 2116 Minyas
410 2055 565 2116 caramque
587 2046 688 2112 ratem,
711 2039 760 2100 cui
782 2039 878 2102 sidera
900 2035 1012 2100 tradis?

206 2140 326 2201 carpere
349 2140 468 2184 securas
489 2123 557 2200 quis
578 2124 635 2186 iam
658 2123 739 2185 iubet
759 2125 876 2185 besona
898 2121 1026 2185 noctes?

206 2208 263 2268 hoc
285 2207 376 2279 leber,
399 2208 456 2266 hoc
478 2207 557 2268 dulci
579 2207 688 2268 totiens
708 2208 840 2272 fraudata
862 2225 969 2286 sopore

207 2293 319 2352 lumina
341 2299 371 2351 et
390 2291 514 2356 admotis
536 2291 661 2355 nimium
682 2311 766 2355 mens
789 2293 874 2356 anxia
896 2292 1012 2356 Colchis

208 2374 342 2455 proluit?
365 2376 423 2438 heu
446 2384 589 2453 quantum
611 2375 722 2449 Phasis,
746 2385 890 2454 quantum
912 2377 971 2438 bea
993 2377 1129 2438 recessitl

208 2479 290 2522 nunc
312 2478 441 2538 quoque,
465 2461 489 2520 si
511 2460 593 2526 tenui
616 2469 758 2539 superant
779 2461 809 2522 in
832 2461 959 2539 imagine
982 2479 1079 2536 curae,

208 2546 284 2606 adsis
307 2545 420 2620 umbra,
443 2563 558 2625 precor,
581 2546 698 2606 venturi
720 2545 852 2625 praescia
873 2546 956 2619 caeli,

208 2637 411 2708 rectoremque
433 2638 501 2692 tuae
522 2649 642 2692 moneas
664 2625 753 2692 ratis.³
799 2631 871 2692 baec
893 2630 944 2692 ubi
965 2631 1051 2704 latus,

209 2715 269 2775 sola
291 2714 386 2778 virum
408 2715 532 2776 dammis
553 2716 624 2778 vidit
645 2715 813 2778 labentibus
831 2735 908 2776 ossa.

205 2792 299 2876 ‘quod
320 2807 417 2860 tamen
440 2799 568 2860 externis
590 2818 684 2861 unum
706 2800 836 2862 solamen
859 2801 889 2860 in
912 2799 972 2860 oris

207 2877 303 2943 restat'
327 2883 375 2958 ait,
394 2878 489 2945 ‘caras
511 2884 620 2944 humus
642 2885 715 2946 baec
736 2903 797 2946 non
820 2883 926 2944 dividat
948 2883 1065 2946 umbras

208 2986 333 3045 ossaque
355 2986 411 3028 nec
432 2969 546 3030 tumulo
569 2986 625 3030 nec
647 2986 750 3047 separe
772 2976 907 3047 contegat
928 2986 1012 3040 urna,

209 3054 261 3113 sed
282 3053 379 3128 simul,
403 3061 436 3114 ut
458 3053 566 3114 iunctis
589 3053 709 3116 venistis
733 3054 762 3116 in
786 3071 914 3132 aequora
934 3048 1019 3114 latis?

208 3138 286 3196 baud
307 3155 405 3198 mora:
428 3138 567 3216 reliquias
589 3138 662 3199 socii
684 3138 846 3216 delletaque
868 3139 992 3198 miscent

210 3221 338 3281 nomina.
383 3229 446 3282 tum
468 3223 531 3282 vivo
553 3223 696 3284 frondens
718 3243 734 3284 e
757 3223 867 3301 cespite
889 3223 976 3282 tellus

209 3306 367 3384 aggeritur,
390 3307 579 3386 cineremque
601 3308 680 3387 Lyco
703 3308 878 3370 conmendat
899 3306 994 3366 lason.

252 3390 352 3452 Maesti
377 3408 478 3452 omnes
501 3391 652 3472 dubiique,
675 3401 766 3453 ratem
788 3391 926 3452 fidissima
948 3393 1034 3454 cuius
1126 3403 1128 3409 '

193 3631 233 3679 35.
253 3628 396 3680 Aesonidus
420 3630 455 3691 V,
472 3629 597 3680 besoldus
618 3628 657 3688 ll,
676 3626 815 3680 Aesonides
834 3627 876 3678 Ba.
966 3629 1006 3678 39.
1025 3631 1079 3676 toto
1096 3641 1125 3688 n,
1143 3629 1197 3676 tuto

121 3695 187 3747 Sao.
274 3700 314 3746 50.
333 3697 498 3759 adscribere,
517 3697 608 3748 amotis
626 3697 657 3757 Α,
676 3694 784 3746 admotis
805 3692 849 3747 Gr.
869 3695 926 3756 (lv,
945 3697 995 3750 21).
1082 3696 1121 3744 bl.
1140 3696 1197 3746 aeta

122 3769 249 3882 prmum&
265 3763 401 3881 gleiqelleg.
472 3767 503 3816 53
531 3764 660 3828 praesagia
679 3780 706 3826 π,
724 3763 836 3827 praescia
856 3763 884 3813 B.
947 3765 987 3814 61.
1007 3760 1109 3813 lrondes
1128 3764 1198 3827 etri,
