<?xml version="1.0" encoding="UTF-8"?>
<!DOCTYPE html PUBLIC "-//W3C//DTD XHTML 1.0 Transitional//EN"
    "http://www.w3.org/TR/xhtml1/DTD/xhtml1-transitional.dtd">
<html xmlns="http://www.w3.org/1999/xhtml" xml:lang="en" lang="en">
 <head>
  <title>
</title>
<meta http-equiv="Content-Type" content="text/html;charset=utf-8" />
  <meta name='ocr-system' content='tesseract 3.04.00' />
  <meta name='ocr-capabilities' content='ocr_page ocr_carea ocr_par ocr_line ocrx_word'/>
</head>
<body>
  <div class='ocr_page' id='page_1' title='image "./cvaleriflaccise00flacgoog_0118.png"; bbox 0 0 2792 4340; ppageno 0'>
   <div class='ocr_carea' id='block_1_1' title="bbox 425 237 1209 308">
    <p class='ocr_par' dir='ltr' id='par_1_1' title="bbox 425 237 1209 308">
     <span class='ocr_line' id='line_1_1' title="bbox 425 237 1209 308; baseline 0.019 -18"><span class='ocrx_word' id='word_1_1' title='bbox 425 237 680 294; x_wconf 83' lang='lat' dir='ltr'>ARGONAVTICON</span> <span class='ocrx_word' id='word_1_2' title='bbox 696 239 790 296; x_wconf 76' lang='lat' dir='ltr'>tisun</span> <span class='ocrx_word' id='word_1_3' title='bbox 807 243 838 296; x_wconf 85' lang='lat' dir='ltr'>V.</span> <span class='ocrx_word' id='word_1_4' title='bbox 1140 247 1209 308; x_wconf 74' lang='lat'>101.</span> 
     </span>
    </p>
   </div>
   <div class='ocr_carea' id='block_1_2' title="bbox 44 393 1289 3356">
    <p class='ocr_par' dir='ltr' id='par_1_2' title="bbox 155 393 1289 475">
     <span class='ocr_line' id='line_1_2' title="bbox 155 393 1289 475; baseline 0.015 -22"><span class='ocrx_word' id='word_1_5' title='bbox 155 393 235 454; x_wconf 86' lang='lat' dir='ltr'>bella</span> <span class='ocrx_word' id='word_1_6' title='bbox 256 412 335 456; x_wconf 88' lang='lat' dir='ltr'>meo.</span> <span class='ocrx_word' id='word_1_7' title='bbox 379 413 439 456; x_wconf 92' lang='lat' dir='ltr'>non</span> <span class='ocrx_word' id='word_1_8' title='bbox 462 395 543 458; x_wconf 84' lang='lat' dir='ltr'>bunc</span> <span class='ocrx_word' id='word_1_9' title='bbox 565 414 652 475; x_wconf 85' lang='lat' dir='ltr'>parva</span> <span class='ocrx_word' id='word_1_10' title='bbox 673 397 745 458; x_wconf 84' lang='lat' dir='ltr'>mihi</span> <span class='ocrx_word' id='word_1_11' title='bbox 768 399 857 460; x_wconf 86' lang='lat' dir='ltr'>caede</span> <span class='ocrx_word' id='word_1_12' title='bbox 872 400 1005 464; x_wconf 88' lang='lat' dir='ltr'>dolorem</span> <span class='ocrx_word' id='word_1_13' title='bbox 1157 417 1212 468; x_wconf 81' lang='lat'>545-</span> <span class='ocrx_word' id='word_1_14' title='bbox 1282 426 1289 434; x_wconf 84' lang='lat'><strong>·</strong></span> 
     </span>
    </p>

    <p class='ocr_par' dir='ltr' id='par_1_3' title="bbox 158 475 1053 564">
     <span class='ocr_line' id='line_1_3' title="bbox 158 475 1053 564; baseline 0.011 -26"><span class='ocrx_word' id='word_1_15' title='bbox 158 496 294 557; x_wconf 87' lang='lat' dir='ltr'>quasque</span> <span class='ocrx_word' id='word_1_16' title='bbox 316 478 395 540; x_wconf 81' lang='lat' dir='ltr'><strong>dedit</strong></span> <span class='ocrx_word' id='word_1_17' title='bbox 416 480 478 540; x_wconf 88' lang='lat' dir='ltr'>luet</span> <span class='ocrx_word' id='word_1_18' title='bbox 498 479 548 540; x_wconf 90' lang='lat' dir='ltr'>ille</span> <span class='ocrx_word' id='word_1_19' title='bbox 569 475 685 542; x_wconf 80' lang='lat' dir='ltr'>moras³</span> <span class='ocrx_word' id='word_1_20' title='bbox 730 489 794 544; x_wconf 91' lang='lat' dir='ltr'>tum</span> <span class='ocrx_word' id='word_1_21' title='bbox 817 483 935 548; x_wconf 85' lang='lat' dir='ltr'>Castora</span> <span class='ocrx_word' id='word_1_22' title='bbox 956 487 1053 564; x_wconf 86' lang='lat' dir='ltr'>mittit,</span> 
     </span>
    </p>

    <p class='ocr_par' dir='ltr' id='par_1_4' title="bbox 158 563 921 646">
     <span class='ocr_line' id='line_1_4' title="bbox 158 563 921 646; baseline 0.01 -23"><span class='ocrx_word' id='word_1_23' title='bbox 158 564 211 641; x_wconf 90' lang='lat' dir='ltr'>qui</span> <span class='ocrx_word' id='word_1_24' title='bbox 231 565 308 624; x_wconf 86' lang='lat' dir='ltr'>ierat</span> <span class='ocrx_word' id='word_1_25' title='bbox 329 563 416 625; x_wconf 89' lang='lat' dir='ltr'>Aeaei</span> <span class='ocrx_word' id='word_1_26' title='bbox 438 564 527 626; x_wconf 90' lang='lat' dir='ltr'>sociis</span> <span class='ocrx_word' id='word_1_27' title='bbox 547 583 690 644; x_wconf 87' lang='lat' dir='ltr'>responsa</span> <span class='ocrx_word' id='word_1_28' title='bbox 712 568 839 646; x_wconf 82' lang='lat' dir='ltr'>tyranni.</span> <span class='ocrx_word' id='word_1_29' title='bbox 914 613 921 620; x_wconf 85' lang='lat'>-</span> 
     </span>
    </p>

    <p class='ocr_par' dir='ltr' id='par_1_5' title="bbox 157 648 907 728">
     <span class='ocr_line' id='line_1_5' title="bbox 157 648 907 728; baseline 0.008 -20"><span class='ocrx_word' id='word_1_30' title='bbox 157 648 277 710; x_wconf 88' lang='lat' dir='ltr'>acribus</span> <span class='ocrx_word' id='word_1_31' title='bbox 299 656 344 709; x_wconf 89' lang='lat' dir='ltr'>ast</span> <span class='ocrx_word' id='word_1_32' title='bbox 365 649 431 710; x_wconf 89' lang='lat' dir='ltr'>illos</span> <span class='ocrx_word' id='word_1_33' title='bbox 454 649 534 710; x_wconf 84' lang='lat' dir='ltr'>curis</span> <span class='ocrx_word' id='word_1_34' title='bbox 556 668 637 711; x_wconf 92' lang='lat' dir='ltr'>mora</span> <span class='ocrx_word' id='word_1_35' title='bbox 659 669 743 712; x_wconf 84' lang='lat' dir='ltr'>saeva</span> <span class='ocrx_word' id='word_1_36' title='bbox 765 653 907 728; x_wconf 76' lang='lat' dir='ltr'>trahebat</span> 
     </span>
    </p>

    <p class='ocr_par' dir='ltr' id='par_1_6' title="bbox 158 732 912 817">
     <span class='ocr_line' id='line_1_6' title="bbox 158 732 912 817; baseline 0.012 -25"><span class='ocrx_word' id='word_1_37' title='bbox 158 752 193 792; x_wconf 88' lang='lat' dir='ltr'>ao</span> <span class='ocrx_word' id='word_1_38' title='bbox 216 733 304 794; x_wconf 91' lang='lat' dir='ltr'>simul</span> <span class='ocrx_word' id='word_1_39' title='bbox 326 741 359 794; x_wconf 92' lang='lat' dir='ltr'>ut</span> <span class='ocrx_word' id='word_1_40' title='bbox 379 732 477 796; x_wconf 89' lang='lat' dir='ltr'>modio</span> <span class='ocrx_word' id='word_1_41' title='bbox 498 734 635 798; x_wconf 83' lang='lat' dir='ltr'>viderunt</span> <span class='ocrx_word' id='word_1_42' title='bbox 657 735 776 797; x_wconf 85' lang='lat' dir='ltr'>Castora</span> <span class='ocrx_word' id='word_1_43' title='bbox 798 756 912 817; x_wconf 86' lang='lat' dir='ltr'>campo,</span> 
     </span>
    </p>

    <p class='ocr_par' dir='ltr' id='par_1_7' title="bbox 158 815 1208 898">
     <span class='ocr_line' id='line_1_7' title="bbox 158 815 1208 898; baseline 0.012 -20"><span class='ocrx_word' id='word_1_44' title='bbox 158 817 294 878; x_wconf 83' lang='lat' dir='ltr'>crebrior</span> <span class='ocrx_word' id='word_1_45' title='bbox 314 817 437 880; x_wconf 76' lang='lat' dir='ltr'>incessit</span> <span class='ocrx_word' id='word_1_46' title='bbox 456 826 586 880; x_wconf 72' lang='lat' dir='ltr'>menmm</span> <span class='ocrx_word' id='word_1_47' title='bbox 607 838 706 898; x_wconf 81' lang='lat' dir='ltr'>paror.</span> <span class='ocrx_word' id='word_1_48' title='bbox 747 815 779 881; x_wconf 90' lang='lat' dir='ltr'>‘o</span> <span class='ocrx_word' id='word_1_49' title='bbox 801 823 877 884; x_wconf 86' lang='lat' dir='ltr'>lovis</span> <span class='ocrx_word' id='word_1_50' title='bbox 899 823 973 885; x_wconf 86' lang='lat' dir='ltr'>alma</span> <span class='ocrx_word' id='word_1_51' title='bbox 1156 839 1208 891; x_wconf 73' lang='lat' dir='ltr'>tto</span> 
     </span>
    </p>

    <p class='ocr_par' dir='ltr' id='par_1_8' title="bbox 157 903 946 984">
     <span class='ocr_line' id='line_1_8' title="bbox 157 903 946 984; baseline 0.009 -22"><span class='ocrx_word' id='word_1_52' title='bbox 157 903 327 982; x_wconf 85' lang='lat' dir='ltr'>progenies,</span> <span class='ocrx_word' id='word_1_53' title='bbox 349 903 420 978; x_wconf 87' lang='lat' dir='ltr'>lare,</span> <span class='ocrx_word' id='word_1_54' title='bbox 442 922 480 964; x_wconf 91' lang='lat' dir='ltr'>au</span> <span class='ocrx_word' id='word_1_55' title='bbox 502 904 626 982; x_wconf 88' lang='lat' dir='ltr'>patriam</span> <span class='ocrx_word' id='word_1_56' title='bbox 648 924 717 984; x_wconf 88' lang='lat' dir='ltr'>spes</span> <span class='ocrx_word' id='word_1_57' title='bbox 738 905 799 967; x_wconf 83' lang='lat' dir='ltr'>ulla</span> <span class='ocrx_word' id='word_1_58' title='bbox 818 907 946 982; x_wconf 83' lang='lat' dir='ltr'>videndi,</span> 
     </span>
    </p>

    <p class='ocr_par' dir='ltr' id='par_1_9' title="bbox 156 985 965 1054">
     <span class='ocr_line' id='line_1_9' title="bbox 156 985 965 1054; baseline 0.007 -7"><span class='ocrx_word' id='word_1_59' title='bbox 156 985 228 1048; x_wconf 84' lang='lat' dir='ltr'>sare&#39;</span> <span class='ocrx_word' id='word_1_60' title='bbox 252 1006 366 1048; x_wconf 91' lang='lat' dir='ltr'>omnes.</span> <span class='ocrx_word' id='word_1_61' title='bbox 410 987 460 1050; x_wconf 92' lang='lat' dir='ltr'>ille</span> <span class='ocrx_word' id='word_1_62' title='bbox 482 988 513 1050; x_wconf 92' lang='lat' dir='ltr'>in</span> <span class='ocrx_word' id='word_1_63' title='bbox 534 988 640 1052; x_wconf 88' lang='lat' dir='ltr'>mediis</span> <span class='ocrx_word' id='word_1_64' title='bbox 661 989 704 1052; x_wconf 88' lang='lat' dir='ltr'>sic</span> <span class='ocrx_word' id='word_1_65' title='bbox 726 1008 812 1052; x_wconf 88' lang='lat' dir='ltr'>orsus</span> <span class='ocrx_word' id='word_1_66' title='bbox 833 992 965 1054; x_wconf 85' lang='lat' dir='ltr'>Achivis:</span> 
     </span>
    </p>

    <p class='ocr_par' dir='ltr' id='par_1_10' title="bbox 154 1065 926 1148">
     <span class='ocr_line' id='line_1_10' title="bbox 154 1065 926 1148; baseline 0.005 -16"><span class='ocrx_word' id='word_1_67' title='bbox 154 1065 225 1132; x_wconf 89' lang='lat' dir='ltr'>‘nec</span> <span class='ocrx_word' id='word_1_68' title='bbox 246 1072 328 1132; x_wconf 78' lang='lat' dir='ltr'>lesus</span> <span class='ocrx_word' id='word_1_69' title='bbox 351 1073 464 1147; x_wconf 69' lang='lat' dir='ltr'>Aeetes</span> <span class='ocrx_word' id='word_1_70' title='bbox 487 1080 520 1134; x_wconf 91' lang='lat' dir='ltr'>ut</span> <span class='ocrx_word' id='word_1_71' title='bbox 542 1073 627 1148; x_wconf 82' lang='lat' dir='ltr'>lamo,</span> <span class='ocrx_word' id='word_1_72' title='bbox 650 1093 706 1136; x_wconf 90' lang='lat' dir='ltr'>nec</span> <span class='ocrx_word' id='word_1_73' title='bbox 726 1092 816 1136; x_wconf 85' lang='lat' dir='ltr'>aurea</span> <span class='ocrx_word' id='word_1_74' title='bbox 838 1076 926 1138; x_wconf 91' lang='lat' dir='ltr'>nobis</span> 
     </span>
    </p>

    <p class='ocr_par' dir='ltr' id='par_1_11' title="bbox 156 1156 943 1239">
     <span class='ocr_line' id='line_1_11' title="bbox 156 1156 943 1239; baseline 0.008 -23"><span class='ocrx_word' id='word_1_75' title='bbox 156 1164 248 1235; x_wconf 88' lang='lat' dir='ltr'>terga·</span> <span class='ocrx_word' id='word_1_76' title='bbox 263 1163 364 1236; x_wconf 89' lang='lat' dir='ltr'>negat;</span> <span class='ocrx_word' id='word_1_77' title='bbox 387 1156 465 1218; x_wconf 91' lang='lat' dir='ltr'>bello</span> <span class='ocrx_word' id='word_1_78' title='bbox 487 1157 601 1220; x_wconf 83' lang='lat' dir='ltr'>interea</span> <span class='ocrx_word' id='word_1_79' title='bbox 621 1159 674 1220; x_wconf 88' lang='lat' dir='ltr'>sod</span> <span class='ocrx_word' id='word_1_80' title='bbox 695 1176 818 1238; x_wconf 87' lang='lat' dir='ltr'>pressus</span> <span class='ocrx_word' id='word_1_81' title='bbox 839 1161 943 1239; x_wconf 88' lang='lat' dir='ltr'>iniquo</span> 
     </span>
    </p>

    <p class='ocr_par' dir='ltr' id='par_1_12' title="bbox 156 1241 926 1321">
     <span class='ocr_line' id='line_1_12' title="bbox 156 1241 926 1321; baseline 0.006 -19"><span class='ocrx_word' id='word_1_82' title='bbox 156 1241 298 1302; x_wconf 86' lang='lat' dir='ltr'>auxilium</span> <span class='ocrx_word' id='word_1_83' title='bbox 321 1242 410 1321; x_wconf 92' lang='lat' dir='ltr'>petit;</span> <span class='ocrx_word' id='word_1_84' title='bbox 432 1249 560 1304; x_wconf 85' lang='lat' dir='ltr'>armatos</span> <span class='ocrx_word' id='word_1_85' title='bbox 582 1243 641 1304; x_wconf 82' lang='lat' dir='ltr'>dux</span> <span class='ocrx_word' id='word_1_86' title='bbox 663 1244 800 1321; x_wconf 83' lang='lat' dir='ltr'>protinus</span> <span class='ocrx_word' id='word_1_87' title='bbox 823 1263 926 1306; x_wconf 87' lang='lat' dir='ltr'>omnes</span> 
     </span>
    </p>

    <p class='ocr_par' dir='ltr' id='par_1_13' title="bbox 155 1326 870 1406">
     <span class='ocr_line' id='line_1_13' title="bbox 155 1326 870 1406; baseline 0.004 -19"><span class='ocrx_word' id='word_1_88' title='bbox 155 1327 322 1387; x_wconf 88' lang='lat' dir='ltr'>adcelerare</span> <span class='ocrx_word' id='word_1_89' title='bbox 344 1326 441 1400; x_wconf 89' lang='lat' dir='ltr'>iubet;</span> <span class='ocrx_word' id='word_1_90' title='bbox 464 1326 554 1406; x_wconf 90' lang='lat' dir='ltr'>longo</span> <span class='ocrx_word' id='word_1_91' title='bbox 576 1345 644 1390; x_wconf 83' lang='lat' dir='ltr'>naun</span> <span class='ocrx_word' id='word_1_92' title='bbox 666 1335 729 1389; x_wconf 83' lang='lat' dir='ltr'>tuta</span> <span class='ocrx_word' id='word_1_93' title='bbox 750 1347 870 1403; x_wconf 84' lang='lat' dir='ltr'>recessu</span> 
     </span>
    </p>

    <p class='ocr_par' dir='ltr' id='par_1_14' title="bbox 154 1407 906 1491">
     <span class='ocr_line' id='line_1_14' title="bbox 154 1407 906 1491; baseline 0.007 -20"><span class='ocrx_word' id='word_1_94' title='bbox 154 1411 268 1491; x_wconf 89' lang='lat' dir='ltr'>puppis</span> <span class='ocrx_word' id='word_1_95' title='bbox 291 1418 320 1470; x_wconf 89' lang='lat' dir='ltr'>et</span> <span class='ocrx_word' id='word_1_96' title='bbox 341 1411 474 1490; x_wconf 90' lang='lat' dir='ltr'>adposita</span> <span class='ocrx_word' id='word_1_97' title='bbox 495 1412 602 1474; x_wconf 90' lang='lat' dir='ltr'>lluvius</span> <span class='ocrx_word' id='word_1_98' title='bbox 625 1412 793 1476; x_wconf 77' lang='lat' dir='ltr'>defenditur</span> <span class='ocrx_word' id='word_1_99' title='bbox 813 1407 906 1476; x_wconf 67' lang='lat' dir='ltr'>orbe?</span> 
     </span>
    </p>

    <p class='ocr_par' dir='ltr' id='par_1_15' title="bbox 198 1495 1091 1577">
     <span class='ocr_line' id='line_1_15' title="bbox 198 1495 1091 1577; baseline 0.009 -22"><span class='ocrx_word' id='word_1_100' title='bbox 198 1495 283 1556; x_wconf 82' lang='lat' dir='ltr'>Haud</span> <span class='ocrx_word' id='word_1_101' title='bbox 304 1513 402 1569; x_wconf 82' lang='lat' dir='ltr'>mora3</span> <span class='ocrx_word' id='word_1_102' title='bbox 425 1496 594 1574; x_wconf 86' lang='lat' dir='ltr'>prosiliunt,</span> <span class='ocrx_word' id='word_1_103' title='bbox 617 1515 694 1574; x_wconf 88' lang='lat' dir='ltr'>quos</span> <span class='ocrx_word' id='word_1_104' title='bbox 714 1516 771 1559; x_wconf 88' lang='lat' dir='ltr'>nec</span> <span class='ocrx_word' id='word_1_105' title='bbox 791 1497 922 1577; x_wconf 80' lang='lat' dir='ltr'>Rhipaea</span> <span class='ocrx_word' id='word_1_106' title='bbox 944 1498 1091 1576; x_wconf 77' lang='lat' dir='ltr'>iuventus,</span> 
     </span>
    </p>

    <p class='ocr_par' dir='ltr' id='par_1_16' title="bbox 44 1579 965 1664">
     <span class='ocr_line' id='line_1_16' title="bbox 44 1579 965 1664; baseline 0.009 -26"><span class='ocrx_word' id='word_1_107' title='bbox 44 1657 47 1664; x_wconf 70' lang='lat'>,</span> <span class='ocrx_word' id='word_1_108' title='bbox 154 1597 232 1659; x_wconf 90' lang='lat' dir='ltr'>quos</span> <span class='ocrx_word' id='word_1_109' title='bbox 255 1598 310 1642; x_wconf 88' lang='lat' dir='ltr'>occ</span> <span class='ocrx_word' id='word_1_110' title='bbox 332 1579 424 1641; x_wconf 80' lang='lat' dir='ltr'>Hiber</span> <span class='ocrx_word' id='word_1_111' title='bbox 445 1588 497 1650; x_wconf 83' lang='lat' dir='ltr'>aut</span> <span class='ocrx_word' id='word_1_112' title='bbox 517 1589 577 1642; x_wconf 88' lang='lat' dir='ltr'>tota</span> <span class='ocrx_word' id='word_1_113' title='bbox 600 1581 662 1642; x_wconf 89' lang='lat' dir='ltr'>suis</span> <span class='ocrx_word' id='word_1_114' title='bbox 684 1584 799 1644; x_wconf 84' lang='lat' dir='ltr'>Aurora</span> <span class='ocrx_word' id='word_1_115' title='bbox 820 1583 965 1662; x_wconf 78' lang='lat' dir='ltr'>pharetris</span> 
     </span>
    </p>

    <p class='ocr_par' dir='ltr' id='par_1_17' title="bbox 154 1664 962 1747">
     <span class='ocr_line' id='line_1_17' title="bbox 154 1664 962 1747; baseline 0.004 -22"><span class='ocrx_word' id='word_1_116' title='bbox 154 1664 309 1726; x_wconf 90' lang='lat' dir='ltr'>sustineat.</span> <span class='ocrx_word' id='word_1_117' title='bbox 353 1664 433 1726; x_wconf 90' lang='lat' dir='ltr'>stetit</span> <span class='ocrx_word' id='word_1_118' title='bbox 454 1665 591 1744; x_wconf 86' lang='lat' dir='ltr'>explicito</span> <span class='ocrx_word' id='word_1_119' title='bbox 613 1666 698 1745; x_wconf 85' lang='lat' dir='ltr'>prius</span> <span class='ocrx_word' id='word_1_120' title='bbox 719 1667 836 1746; x_wconf 81' lang='lat' dir='ltr'>agmine</span> <span class='ocrx_word' id='word_1_121' title='bbox 858 1667 962 1747; x_wconf 82' lang='lat' dir='ltr'>pubes,</span> 
     </span>
    </p>

    <p class='ocr_par' dir='ltr' id='par_1_18' title="bbox 153 1749 928 1830">
     <span class='ocr_line' id='line_1_18' title="bbox 153 1749 928 1830; baseline 0.003 -20"><span class='ocrx_word' id='word_1_122' title='bbox 153 1749 327 1830; x_wconf 84' lang='lat' dir='ltr'>expertique</span> <span class='ocrx_word' id='word_1_123' title='bbox 348 1749 446 1824; x_wconf 79' lang='lat' dir='ltr'>sirmi,</span> <span class='ocrx_word' id='word_1_124' title='bbox 469 1750 494 1810; x_wconf 92' lang='lat' dir='ltr'>si</span> <span class='ocrx_word' id='word_1_125' title='bbox 515 1751 573 1812; x_wconf 88' lang='lat' dir='ltr'>tela</span> <span class='ocrx_word' id='word_1_126' title='bbox 593 1758 735 1828; x_wconf 81' lang='lat' dir='ltr'>artusque</span> <span class='ocrx_word' id='word_1_127' title='bbox 757 1760 928 1830; x_wconf 87' lang='lat' dir='ltr'>sequantur.</span> 
     </span>
    </p>

    <p class='ocr_par' dir='ltr' id='par_1_19' title="bbox 152 1833 1033 1915">
     <span class='ocr_line' id='line_1_19' title="bbox 152 1833 1033 1915; baseline 0.003 -19"><span class='ocrx_word' id='word_1_128' title='bbox 152 1853 211 1896; x_wconf 88' lang='lat' dir='ltr'>nec</span> <span class='ocrx_word' id='word_1_129' title='bbox 234 1833 388 1912; x_wconf 87' lang='lat' dir='ltr'>quisquam</span> <span class='ocrx_word' id='word_1_130' title='bbox 410 1835 484 1896; x_wconf 84' lang='lat' dir='ltr'>freta</span> <span class='ocrx_word' id='word_1_131' title='bbox 506 1854 562 1898; x_wconf 87' lang='lat' dir='ltr'>nec</span> <span class='ocrx_word' id='word_1_132' title='bbox 583 1834 691 1914; x_wconf 89' lang='lat' dir='ltr'>patrias</span> <span class='ocrx_word' id='word_1_133' title='bbox 713 1836 771 1898; x_wconf 86' lang='lat' dir='ltr'>iam</span> <span class='ocrx_word' id='word_1_134' title='bbox 791 1837 913 1915; x_wconf 86' lang='lat' dir='ltr'>respicit</span> <span class='ocrx_word' id='word_1_135' title='bbox 934 1837 1033 1911; x_wconf 79' lang='lat' dir='ltr'>urbes,</span> 
     </span>
    </p>

    <p class='ocr_par' dir='ltr' id='par_1_20' title="bbox 152 1918 1002 1998">
     <span class='ocr_line' id='line_1_20' title="bbox 152 1918 1002 1998; baseline 0.002 -18"><span class='ocrx_word' id='word_1_136' title='bbox 152 1921 207 1980; x_wconf 91' lang='lat' dir='ltr'>sed</span> <span class='ocrx_word' id='word_1_137' title='bbox 227 1918 320 1997; x_wconf 85' lang='lat' dir='ltr'>magis</span> <span class='ocrx_word' id='word_1_138' title='bbox 341 1920 378 1980; x_wconf 92' lang='lat' dir='ltr'>ad</span> <span class='ocrx_word' id='word_1_139' title='bbox 399 1937 540 1998; x_wconf 83' lang='lat' dir='ltr'>praesens</span> <span class='ocrx_word' id='word_1_140' title='bbox 560 1920 622 1981; x_wconf 85' lang='lat' dir='ltr'>itur</span> <span class='ocrx_word' id='word_1_141' title='bbox 643 1921 742 1982; x_wconf 86' lang='lat' dir='ltr'>decus.</span> <span class='ocrx_word' id='word_1_142' title='bbox 786 1922 876 1984; x_wconf 89' lang='lat' dir='ltr'>incita</span> <span class='ocrx_word' id='word_1_143' title='bbox 897 1921 1002 1983; x_wconf 80' lang='lat' dir='ltr'>oristas</span> 
     </span>
    </p>

    <p class='ocr_par' dir='ltr' id='par_1_21' title="bbox 152 2003 900 2082">
     <span class='ocr_line' id='line_1_21' title="bbox 152 2003 900 2082; baseline 0.005 -17"><span class='ocrx_word' id='word_1_144' title='bbox 152 2022 225 2066; x_wconf 87' lang='lat' dir='ltr'>aura</span> <span class='ocrx_word' id='word_1_145' title='bbox 248 2003 350 2082; x_wconf 76' lang='lat' dir='ltr'>quatit,</span> <span class='ocrx_word' id='word_1_146' title='bbox 372 2003 459 2064; x_wconf 87' lang='lat' dir='ltr'>variis</span> <span class='ocrx_word' id='word_1_147' title='bbox 480 2005 566 2066; x_wconf 86' lang='lat' dir='ltr'>llorct</span> <span class='ocrx_word' id='word_1_148' title='bbox 587 2005 632 2065; x_wconf 91' lang='lat' dir='ltr'>via</span> <span class='ocrx_word' id='word_1_149' title='bbox 653 2005 782 2066; x_wconf 84' lang='lat' dir='ltr'>discolor</span> <span class='ocrx_word' id='word_1_150' title='bbox 802 2006 900 2082; x_wconf 81' lang='lat' dir='ltr'>umis,</span> 
     </span>
    </p>

    <p class='ocr_par' dir='ltr' id='par_1_22' title="bbox 152 2088 978 2168">
     <span class='ocr_line' id='line_1_22' title="bbox 152 2088 978 2168; baseline 0.005 -20"><span class='ocrx_word' id='word_1_151' title='bbox 152 2088 250 2168; x_wconf 91' lang='lat' dir='ltr'>qualis</span> <span class='ocrx_word' id='word_1_152' title='bbox 272 2089 308 2150; x_wconf 92' lang='lat' dir='ltr'>ab</span> <span class='ocrx_word' id='word_1_153' title='bbox 331 2088 449 2150; x_wconf 84' lang='lat' dir='ltr'>Oceano</span> <span class='ocrx_word' id='word_1_154' title='bbox 472 2089 599 2152; x_wconf 87' lang='lat' dir='ltr'>nitidum</span> <span class='ocrx_word' id='word_1_155' title='bbox 622 2090 731 2152; x_wconf 91' lang='lat' dir='ltr'>chorus</span> <span class='ocrx_word' id='word_1_156' title='bbox 753 2091 871 2152; x_wconf 85' lang='lat' dir='ltr'>aethera</span> <span class='ocrx_word' id='word_1_157' title='bbox 892 2091 978 2154; x_wconf 87' lang='lat' dir='ltr'>vestit</span> 
     </span>
    </p>

    <p class='ocr_par' dir='ltr' id='par_1_23' title="bbox 152 2173 955 2254">
     <span class='ocr_line' id='line_1_23' title="bbox 152 2173 955 2254; baseline 0.004 -21"><span class='ocrx_word' id='word_1_158' title='bbox 152 2173 301 2252; x_wconf 79' lang='lat' dir='ltr'>[qualibus</span> <span class='ocrx_word' id='word_1_159' title='bbox 323 2173 486 2252; x_wconf 80' lang='lat' dir='ltr'>adsurgens</span> <span class='ocrx_word' id='word_1_160' title='bbox 507 2193 567 2234; x_wconf 82' lang='lat' dir='ltr'>nox</span> <span class='ocrx_word' id='word_1_161' title='bbox 587 2193 676 2236; x_wconf 90' lang='lat' dir='ltr'>aurea</span> <span class='ocrx_word' id='word_1_162' title='bbox 698 2175 828 2254; x_wconf 84' lang='lat' dir='ltr'>cingitur</span> <span class='ocrx_word' id='word_1_163' title='bbox 848 2177 955 2254; x_wconf 80' lang='lat' dir='ltr'>astrisl.</span> 
     </span>
    </p>

    <p class='ocr_par' dir='ltr' id='par_1_24' title="bbox 151 2258 816 2322">
     <span class='ocr_line' id='line_1_24' title="bbox 151 2258 816 2322; baseline 0 -2"><span class='ocrx_word' id='word_1_164' title='bbox 151 2259 221 2320; x_wconf 88' lang='lat' dir='ltr'>illos</span> <span class='ocrx_word' id='word_1_165' title='bbox 242 2259 311 2320; x_wconf 90' lang='lat' dir='ltr'>Sole</span> <span class='ocrx_word' id='word_1_166' title='bbox 332 2265 413 2319; x_wconf 88' lang='lat' dir='ltr'>satus</span> <span class='ocrx_word' id='word_1_167' title='bbox 433 2258 519 2322; x_wconf 83' lang='lat' dir='ltr'>tacita</span> <span class='ocrx_word' id='word_1_168' title='bbox 540 2258 752 2322; x_wconf 83' lang='lat' dir='ltr'>maestissimus</span> <span class='ocrx_word' id='word_1_169' title='bbox 773 2259 816 2320; x_wconf 90' lang='lat' dir='ltr'>ira</span> 
     </span>
    </p>

    <p class='ocr_par' dir='ltr' id='par_1_25' title="bbox 150 2343 878 2417">
     <span class='ocr_line' id='line_1_25' title="bbox 150 2343 878 2417; baseline -0.001 -12"><span class='ocrx_word' id='word_1_170' title='bbox 150 2343 277 2405; x_wconf 89' lang='lat' dir='ltr'>miratur</span> <span class='ocrx_word' id='word_1_171' title='bbox 298 2351 408 2404; x_wconf 83' lang='lat' dir='ltr'>temere</span> <span class='ocrx_word' id='word_1_172' title='bbox 430 2343 589 2417; x_wconf 85' lang='lat' dir='ltr'>adsumtos,</span> <span class='ocrx_word' id='word_1_173' title='bbox 612 2362 669 2404; x_wconf 92' lang='lat' dir='ltr'>nec</span> <span class='ocrx_word' id='word_1_174' title='bbox 689 2344 757 2405; x_wconf 85' lang='lat' dir='ltr'>talia</span> <span class='ocrx_word' id='word_1_175' title='bbox 778 2345 878 2406; x_wconf 88' lang='lat' dir='ltr'>mallet</span> 
     </span>
    </p>

    <p class='ocr_par' dir='ltr' id='par_1_26' title="bbox 151 2428 952 2509">
     <span class='ocr_line' id='line_1_26' title="bbox 151 2428 952 2509; baseline 0.001 -21"><span class='ocrx_word' id='word_1_176' title='bbox 151 2428 269 2502; x_wconf 83' lang='lat' dir='ltr'>robora,</span> <span class='ocrx_word' id='word_1_177' title='bbox 293 2445 380 2506; x_wconf 90' lang='lat' dir='ltr'>quam</span> <span class='ocrx_word' id='word_1_178' title='bbox 402 2428 515 2489; x_wconf 87' lang='lat' dir='ltr'>medios</span> <span class='ocrx_word' id='word_1_179' title='bbox 536 2429 651 2489; x_wconf 87' lang='lat' dir='ltr'>bostem</span> <span class='ocrx_word' id='word_1_180' title='bbox 672 2428 798 2490; x_wconf 85' lang='lat' dir='ltr'>subiisse</span> <span class='ocrx_word' id='word_1_181' title='bbox 820 2436 952 2509; x_wconf 79' lang='lat' dir='ltr'>penates,</span> 
     </span>
    </p>

    <p class='ocr_par' dir='ltr' id='par_1_27' title="bbox 151 2512 752 2592">
     <span class='ocr_line' id='line_1_27' title="bbox 151 2512 752 2592; baseline -0.002 -17"><span class='ocrx_word' id='word_1_182' title='bbox 151 2514 266 2575; x_wconf 86' lang='lat' dir='ltr'>interea</span> <span class='ocrx_word' id='word_1_183' title='bbox 287 2512 363 2573; x_wconf 90' lang='lat' dir='ltr'>laeto</span> <span class='ocrx_word' id='word_1_184' title='bbox 384 2513 495 2592; x_wconf 87' lang='lat' dir='ltr'>patitur</span> <span class='ocrx_word' id='word_1_185' title='bbox 517 2513 647 2576; x_wconf 88' lang='lat' dir='ltr'>convivia</span> <span class='ocrx_word' id='word_1_186' title='bbox 669 2513 752 2574; x_wconf 90' lang='lat' dir='ltr'>vultu</span> 
     </span>
    </p>

    <p class='ocr_par' dir='ltr' id='par_1_28' title="bbox 151 2598 874 2677">
     <span class='ocr_line' id='line_1_28' title="bbox 151 2598 874 2677; baseline 0 -19"><span class='ocrx_word' id='word_1_187' title='bbox 151 2607 182 2659; x_wconf 91' lang='lat' dir='ltr'>et</span> <span class='ocrx_word' id='word_1_188' title='bbox 203 2598 283 2658; x_wconf 85' lang='lat' dir='ltr'>iuxta</span> <span class='ocrx_word' id='word_1_189' title='bbox 305 2598 472 2658; x_wconf 88' lang='lat' dir='ltr'>Aesoniden</span> <span class='ocrx_word' id='word_1_190' title='bbox 493 2615 601 2677; x_wconf 88' lang='lat' dir='ltr'>magno</span> <span class='ocrx_word' id='word_1_191' title='bbox 623 2605 736 2660; x_wconf 85' lang='lat' dir='ltr'>cratere</span> <span class='ocrx_word' id='word_1_192' title='bbox 757 2598 874 2660; x_wconf 87' lang='lat' dir='ltr'>lacessit</span> 
     </span>
    </p>

    <p class='ocr_par' dir='ltr' id='par_1_29' title="bbox 151 2681 990 2761">
     <span class='ocr_line' id='line_1_29' title="bbox 151 2681 990 2761; baseline 0 -17"><span class='ocrx_word' id='word_1_193' title='bbox 151 2701 235 2744; x_wconf 91' lang='lat' dir='ltr'>nunc</span> <span class='ocrx_word' id='word_1_194' title='bbox 259 2681 315 2742; x_wconf 91' lang='lat' dir='ltr'>sibi</span> <span class='ocrx_word' id='word_1_195' title='bbox 336 2690 548 2744; x_wconf 87' lang='lat' dir='ltr'>monstrantem</span> <span class='ocrx_word' id='word_1_196' title='bbox 572 2690 657 2744; x_wconf 89' lang='lat' dir='ltr'>natos</span> <span class='ocrx_word' id='word_1_197' title='bbox 679 2683 755 2744; x_wconf 86' lang='lat' dir='ltr'>lovis</span> <span class='ocrx_word' id='word_1_198' title='bbox 777 2701 888 2761; x_wconf 86' lang='lat' dir='ltr'>oraque</span> <span class='ocrx_word' id='word_1_199' title='bbox 911 2683 990 2744; x_wconf 83' lang='lat' dir='ltr'>iuxta</span> 
     </span>
    </p>

    <p class='ocr_par' dir='ltr' id='par_1_30' title="bbox 150 2767 936 2846">
     <span class='ocr_line' id='line_1_30' title="bbox 150 2767 936 2846; baseline -0.001 -17"><span class='ocrx_word' id='word_1_200' title='bbox 150 2767 321 2841; x_wconf 86' lang='lat' dir='ltr'>Aeacidum,</span> <span class='ocrx_word' id='word_1_201' title='bbox 344 2785 425 2828; x_wconf 91' lang='lat' dir='ltr'>nunc</span> <span class='ocrx_word' id='word_1_202' title='bbox 447 2767 576 2845; x_wconf 87' lang='lat' dir='ltr'>ingentis</span> <span class='ocrx_word' id='word_1_203' title='bbox 599 2767 763 2846; x_wconf 78' lang='lat' dir='ltr'>Calydonos</span> <span class='ocrx_word' id='word_1_204' title='bbox 784 2768 936 2841; x_wconf 90' lang='lat' dir='ltr'>alumnos;</span> 
     </span>
    </p>

    <p class='ocr_par' dir='ltr' id='par_1_31' title="bbox 150 2851 851 2914">
     <span class='ocr_line' id='line_1_31' title="bbox 150 2851 851 2914; baseline -0.001 -1"><span class='ocrx_word' id='word_1_205' title='bbox 150 2852 233 2913; x_wconf 87' lang='lat' dir='ltr'>audit</span> <span class='ocrx_word' id='word_1_206' title='bbox 255 2860 284 2912; x_wconf 91' lang='lat' dir='ltr'>et</span> <span class='ocrx_word' id='word_1_207' title='bbox 304 2852 427 2914; x_wconf 79' lang='lat' dir='ltr'>Alciden</span> <span class='ocrx_word' id='word_1_208' title='bbox 450 2852 570 2914; x_wconf 83' lang='lat' dir='ltr'>infando</span> <span class='ocrx_word' id='word_1_209' title='bbox 592 2870 694 2914; x_wconf 88' lang='lat' dir='ltr'>errore</span> <span class='ocrx_word' id='word_1_210' title='bbox 716 2851 851 2914; x_wconf 89' lang='lat' dir='ltr'>relictum</span> 
     </span>
    </p>

    <p class='ocr_par' dir='ltr' id='par_1_32' title="bbox 151 2934 938 3016">
     <span class='ocr_line' id='line_1_32' title="bbox 151 2934 938 3016; baseline -0.003 -18"><span class='ocrx_word' id='word_1_211' title='bbox 151 2938 333 3015; x_wconf 85' lang='lat' dir='ltr'>defletosque</span> <span class='ocrx_word' id='word_1_212' title='bbox 355 2937 445 2997; x_wconf 89' lang='lat' dir='ltr'>duces</span> <span class='ocrx_word' id='word_1_213' title='bbox 466 2944 622 3015; x_wconf 86' lang='lat' dir='ltr'>terraeque</span> <span class='ocrx_word' id='word_1_214' title='bbox 641 2935 791 3016; x_wconf 87' lang='lat' dir='ltr'>marisque</span> <span class='ocrx_word' id='word_1_215' title='bbox 813 2934 938 3016; x_wconf 81' lang='lat' dir='ltr'>labores.</span> 
     </span>
    </p>

    <p class='ocr_par' dir='ltr' id='par_1_33' title="bbox 149 3020 857 3101">
     <span class='ocr_line' id='line_1_33' title="bbox 149 3020 857 3101; baseline 0 -19"><span class='ocrx_word' id='word_1_216' title='bbox 149 3023 216 3101; x_wconf 90' lang='lat' dir='ltr'>ipse</span> <span class='ocrx_word' id='word_1_217' title='bbox 238 3028 336 3083; x_wconf 87' lang='lat' dir='ltr'>autem</span> <span class='ocrx_word' id='word_1_218' title='bbox 357 3021 445 3082; x_wconf 81' lang='lat' dir='ltr'>tantis</span> <span class='ocrx_word' id='word_1_219' title='bbox 468 3021 582 3082; x_wconf 85' lang='lat' dir='ltr'>concita</span> <span class='ocrx_word' id='word_1_220' title='bbox 603 3020 756 3083; x_wconf 85' lang='lat' dir='ltr'>furoribus</span> <span class='ocrx_word' id='word_1_221' title='bbox 778 3039 857 3082; x_wconf 85' lang='lat' dir='ltr'>arura</span> 
     </span>
    </p>

    <p class='ocr_par' dir='ltr' id='par_1_34' title="bbox 149 3105 875 3186">
     <span class='ocr_line' id='line_1_34' title="bbox 149 3105 875 3186; baseline -0.004 -17"><span class='ocrx_word' id='word_1_222' title='bbox 149 3107 264 3186; x_wconf 85' lang='lat' dir='ltr'>expetit</span> <span class='ocrx_word' id='word_1_223' title='bbox 285 3105 445 3168; x_wconf 77' lang='lat' dir='ltr'>Aesonides</span> <span class='ocrx_word' id='word_1_224' title='bbox 467 3114 497 3167; x_wconf 89' lang='lat' dir='ltr'>et</span> <span class='ocrx_word' id='word_1_225' title='bbox 517 3107 626 3168; x_wconf 90' lang='lat' dir='ltr'>amicos</span> <span class='ocrx_word' id='word_1_226' title='bbox 649 3107 752 3168; x_wconf 91' lang='lat' dir='ltr'>ordine</span> <span class='ocrx_word' id='word_1_227' title='bbox 773 3124 875 3184; x_wconf 86' lang='lat' dir='ltr'>reges:</span> 
     </span>
    </p>

    <p class='ocr_par' dir='ltr' id='par_1_35' title="bbox 145 3184 1023 3270">
     <span class='ocr_line' id='line_1_35' title="bbox 145 3184 1023 3270; baseline -0.003 -19"><span class='ocrx_word' id='word_1_228' title='bbox 145 3184 229 3270; x_wconf 88' lang='lat' dir='ltr'>‘quis</span> <span class='ocrx_word' id='word_1_229' title='bbox 251 3191 357 3270; x_wconf 91' lang='lat' dir='ltr'>procul</span> <span class='ocrx_word' id='word_1_230' title='bbox 377 3191 426 3251; x_wconf 90' lang='lat' dir='ltr'>ille</span> <span class='ocrx_word' id='word_1_231' title='bbox 448 3190 544 3252; x_wconf 84' lang='lat' dir='ltr'>virum</span> <span class='ocrx_word' id='word_1_232' title='bbox 566 3191 668 3266; x_wconf 86' lang='lat' dir='ltr'>nobis,</span> <span class='ocrx_word' id='word_1_233' title='bbox 691 3210 778 3270; x_wconf 87' lang='lat' dir='ltr'>quem</span> <span class='ocrx_word' id='word_1_234' title='bbox 801 3191 915 3252; x_wconf 89' lang='lat' dir='ltr'>balteus</span> <span class='ocrx_word' id='word_1_235' title='bbox 935 3205 1023 3268; x_wconf 89' lang='lat' dir='ltr'>asper</span> 
     </span>
    </p>

    <p class='ocr_par' dir='ltr' id='par_1_36' title="bbox 150 3275 956 3356">
     <span class='ocr_line' id='line_1_36' title="bbox 150 3275 956 3356; baseline -0.005 -18"><span class='ocrx_word' id='word_1_236' title='bbox 150 3275 279 3354; x_wconf 87' lang='lat' dir='ltr'>subligat</span> <span class='ocrx_word' id='word_1_237' title='bbox 301 3284 331 3336; x_wconf 92' lang='lat' dir='ltr'>et</span> <span class='ocrx_word' id='word_1_238' title='bbox 352 3275 453 3336; x_wconf 85' lang='lat' dir='ltr'>stricto</span> <span class='ocrx_word' id='word_1_239' title='bbox 476 3284 533 3336; x_wconf 88' lang='lat' dir='ltr'>stat</span> <span class='ocrx_word' id='word_1_240' title='bbox 554 3277 707 3356; x_wconf 83' lang='lat' dir='ltr'>proximus</span> <span class='ocrx_word' id='word_1_241' title='bbox 728 3276 856 3354; x_wconf 84' lang='lat' dir='ltr'>armiger</span> <span class='ocrx_word' id='word_1_242' title='bbox 875 3293 956 3349; x_wconf 87' lang='lat' dir='ltr'>arcu,</span> 
     </span>
    </p>
   </div>
   <div class='ocr_carea' id='block_1_3' title="bbox 58 3525 1141 3866">
    <p class='ocr_par' dir='ltr' id='par_1_37' title="bbox 58 3525 1141 3866">
     <span class='ocr_line' id='line_1_37' title="bbox 132 3525 1075 3592; baseline -0.004 -12"><span class='ocrx_word' id='word_1_243' title='bbox 132 3530 193 3580; x_wconf 85' lang='lat'>550.</span> <span class='ocrx_word' id='word_1_244' title='bbox 210 3525 318 3578; x_wconf 81' lang='lat' dir='ltr'>incussit</span> <span class='ocrx_word' id='word_1_245' title='bbox 334 3543 363 3591; x_wconf 81' lang='grc' dir='ltr'>π,</span> <span class='ocrx_word' id='word_1_246' title='bbox 380 3526 485 3580; x_wconf 85' lang='lat' dir='ltr'>incessit</span> <span class='ocrx_word' id='word_1_247' title='bbox 501 3527 553 3582; x_wconf 83' lang='lat' dir='ltr'>Hc.</span> <span class='ocrx_word' id='word_1_248' title='bbox 571 3527 632 3590; x_wconf 82' lang='lat' dir='ltr'>(cfr.</span> <span class='ocrx_word' id='word_1_249' title='bbox 651 3526 814 3580; x_wconf 74' lang='lat' dir='ltr'>Lachmann.</span> <span class='ocrx_word' id='word_1_250' title='bbox 834 3525 914 3578; x_wconf 81' lang='lat' dir='ltr'>Lacr.</span> <span class='ocrx_word' id='word_1_251' title='bbox 932 3525 973 3592; x_wconf 86' lang='lat' dir='ltr'>Vl,</span> <span class='ocrx_word' id='word_1_252' title='bbox 994 3529 1075 3592; x_wconf 81' lang='lat'><strong>1212).</strong></span> 
     </span>
     <span class='ocr_line' id='line_1_38' title="bbox 59 3593 1139 3662; baseline -0.001 -16"><span class='ocrx_word' id='word_1_253' title='bbox 59 3598 119 3648; x_wconf 86' lang='lat'><strong>566.</strong></span> <span class='ocrx_word' id='word_1_254' title='bbox 135 3593 206 3645; x_wconf 79' lang='lat' dir='ltr'>‘nist&#39;</span> <span class='ocrx_word' id='word_1_255' title='bbox 221 3594 294 3655; x_wconf 81' lang='lat' dir='ltr'>sorte</span> <span class='ocrx_word' id='word_1_256' title='bbox 310 3610 381 3645; x_wconf 82' lang='lat' dir='ltr'>nnus</span> <span class='ocrx_word' id='word_1_257' title='bbox 397 3597 548 3662; x_wconf 73' lang='lat' dir='ltr'>superfluit,</span> <span class='ocrx_word' id='word_1_258' title='bbox 566 3612 582 3646; x_wconf 90' lang='lat' dir='ltr'>a</span> <span class='ocrx_word' id='word_1_259' title='bbox 598 3596 748 3660; x_wconf 80' lang='lat' dir='ltr'>glossatore</span> <span class='ocrx_word' id='word_1_260' title='bbox 764 3598 880 3648; x_wconf 75' lang='lat' dir='ltr'>insertus</span> <span class='ocrx_word' id='word_1_261' title='bbox 898 3599 947 3646; x_wconf 81' lang='lat' dir='ltr'>aut</span> <span class='ocrx_word' id='word_1_262' title='bbox 963 3601 1066 3660; x_wconf 81' lang='lat' dir='ltr'>aposta</span> <span class='ocrx_word' id='word_1_263' title='bbox 1082 3597 1139 3661; x_wconf 80' lang='lat' dir='ltr'>qui·</span> 
     </span>
     <span class='ocr_line' id='line_1_39' title="bbox 61 3653 1138 3730; baseline -0.002 -16"><span class='ocrx_word' id='word_1_264' title='bbox 61 3665 121 3714; x_wconf 73' lang='lat' dir='ltr'>dean</span> <span class='ocrx_word' id='word_1_265' title='bbox 140 3662 242 3725; x_wconf 77' lang='lat' dir='ltr'>factus,</span> <span class='ocrx_word' id='word_1_266' title='bbox 260 3660 308 3712; x_wconf 80' lang='lat' dir='ltr'>sed</span> <span class='ocrx_word' id='word_1_267' title='bbox 324 3668 354 3714; x_wconf 82' lang='lat' dir='ltr'>ut</span> <span class='ocrx_word' id='word_1_268' title='bbox 372 3663 517 3728; x_wconf 81' lang='lat' dir='ltr'>eligeretur</span> <span class='ocrx_word' id='word_1_269' title='bbox 535 3681 548 3713; x_wconf 87' lang='lat' dir='ltr'>e</span> <span class='ocrx_word' id='word_1_270' title='bbox 567 3663 676 3725; x_wconf 79' lang='lat' dir='ltr'>duobus,</span> <span class='ocrx_word' id='word_1_271' title='bbox 712 3666 795 3716; x_wconf 81' lang='lat' dir='ltr'>nisit</span> <span class='ocrx_word' id='word_1_272' title='bbox 812 3653 1012 3730; x_wconf 83' lang='lat' dir='ltr'>optimas&#39;Bul.</span> <span class='ocrx_word' id='word_1_273' title='bbox 1081 3666 1138 3716; x_wconf 76' lang='lat' dir='ltr'>sto.</span> 
     </span>
     <span class='ocr_line' id='line_1_40' title="bbox 58 3683 1141 3798; baseline 0.001 -17"><span class='ocrx_word' id='word_1_274' title='bbox 58 3733 129 3783; x_wconf 91' lang='lat' dir='ltr'>cultu</span> <span class='ocrx_word' id='word_1_275' title='bbox 149 3747 180 3796; x_wconf 83' lang='grc' dir='ltr'>π,</span> <span class='ocrx_word' id='word_1_276' title='bbox 198 3729 272 3781; x_wconf 88' lang='lat' dir='ltr'>vultu</span> <span class='ocrx_word' id='word_1_277' title='bbox 289 3727 337 3783; x_wconf 76' lang='lat' dir='ltr'>Ba.</span> <span class='ocrx_word' id='word_1_278' title='bbox 459 3734 518 3784; x_wconf 74' lang='lat'><strong>573.</strong></span> <span class='ocrx_word' id='word_1_279' title='bbox 538 3729 675 3798; x_wconf 83' lang='lat' dir='ltr'>Calydonis</span> <span class='ocrx_word' id='word_1_280' title='bbox 693 3683 724 3784; x_wconf 49' lang='lat' dir='ltr'>Z</span> <span class='ocrx_word' id='word_1_281' title='bbox 756 3738 819 3798; x_wconf 85' lang='lat' dir='ltr'>post</span> <span class='ocrx_word' id='word_1_282' title='bbox 837 3733 885 3785; x_wconf 77' lang='lat'>583</span> <span class='ocrx_word' id='word_1_283' title='bbox 905 3735 933 3782; x_wconf 82' lang='lat' dir='ltr'>in</span> <span class='ocrx_word' id='word_1_284' title='bbox 952 3729 1028 3782; x_wconf 84' lang='lat' dir='ltr'>codd.</span> <span class='ocrx_word' id='word_1_285' title='bbox 1048 3731 1141 3796; x_wconf 84' lang='lat' dir='ltr'>legun-</span> 
     </span>
     <span class='ocr_line' id='line_1_41' title="bbox 58 3800 952 3866; baseline -0.002 -16"><span class='ocrx_word' id='word_1_286' title='bbox 58 3806 103 3850; x_wconf 76' lang='lat' dir='ltr'>tur·</span> <span class='ocrx_word' id='word_1_287' title='bbox 124 3816 167 3850; x_wconf 85' lang='lat' dir='ltr'>vv.</span> <span class='ocrx_word' id='word_1_288' title='bbox 186 3800 332 3864; x_wconf 78' lang='lat' dir='ltr'>dot-604,</span> <span class='ocrx_word' id='word_1_289' title='bbox 351 3814 418 3864; x_wconf 82' lang='lat' dir='ltr'>quas</span> <span class='ocrx_word' id='word_1_290' title='bbox 435 3802 559 3864; x_wconf 70' lang='lat' dir='ltr'>postibi</span> <span class='ocrx_word' id='word_1_291' title='bbox 583 3803 750 3866; x_wconf 78' lang='lat' dir='ltr'>transposuit</span> <span class='ocrx_word' id='word_1_292' title='bbox 767 3801 816 3852; x_wconf 81' lang='lat' dir='ltr'>lile.</span> <span class='ocrx_word' id='word_1_293' title='bbox 834 3801 877 3864; x_wconf 84' lang='lat'>(50</span> <span class='ocrx_word' id='word_1_294' title='bbox 895 3801 952 3866; x_wconf 71' lang='lat' dir='ltr'>sp).</span> 
     </span>
    </p>
   </div>
   <div class='ocr_carea' id='block_1_4' title="bbox 0 0 1400 4340">
    <p class='ocr_par' dir='ltr' id='par_1_38' title="bbox 0 0 1400 4340">
     <span class='ocr_line' id='line_1_42' title="bbox 0 0 1400 4340; baseline 0 4"><span class='ocrx_word' id='word_1_295' title='bbox 0 0 1400 4340; x_wconf 95' lang='lat' dir='ltr'> </span> 
     </span>
    </p>
   </div>
  </div>
 </body>
</html>
