2764 4340
411 195 671 264 ARGONAV'PICQN
689 199 784 252 LIBER
801 199 819 251 1,

160 370 204 453 sic
225 368 273 429 ait.
318 368 368 429 ille
390 387 445 428 suo
467 369 637 449 conlapsam
659 380 779 448 pectore
801 379 924 433 matrem

160 453 302 516 sustinuit
323 472 489 532 magnaque
511 472 612 516 senem
636 456 749 517 cervice
771 457 892 538 recepit

246 537 284 599 Et
305 539 363 599 iam
384 538 452 599 finis
474 547 551 599 erat:
573 539 800 620 Zephyrumque
823 551 976 622 ratemque
989 544 1131 605 morantis
1153 553 1198 604 350

162 625 288 685 solverat
310 623 461 703 amplexus
484 623 561 684 tristi
583 624 653 685 tuba
674 626 759 687 tertia
781 627 877 706 signo.
968 671 971 678 .

161 710 232 770 dant
253 727 335 769 remo
358 727 411 769 sua
433 708 560 786 quisque
582 709 646 784 riri,
670 710 741 771 dant
762 711 882 772 nomina
904 711 1049 772 transtris.

159 794 231 854 hinc
253 794 365 854 laevom
387 794 529 855 Telamon
552 794 675 873 pelagus
698 803 788 870 tenet,
811 797 898 858 altior
919 796 988 858 inde

160 886 286 958 occupat
308 878 425 940 Alcides
446 879 525 939 aliud
546 897 636 953 mare,
660 888 755 942 cetera
777 881 871 960 pubes

160 964 313 1025 dividitur:
337 964 417 1024 celer
438 964 586 1039 Asterion,
609 982 698 1042 quem
718 973 811 1026 matre
833 966 984 1036 cadentem

159 1048 291 1110 Piresius
314 1049 430 1128 gemino
452 1049 525 1109 lovit
545 1057 627 1128 pater
648 1069 734 1111 amne
757 1050 900 1125 Cometes

160 1133 283 1212 segnior
304 1133 429 1211 Apidani
452 1134 528 1194 vires
549 1133 601 1194 ubi
623 1135 713 1196 sentit
734 1135 877 1214 Enipeus

161 1219 267 1280 nititur
287 1217 359 1280 hinc
382 1218 488 1280 Talaus
509 1219 668 1298 fratrisque
688 1219 843 1280 Leodocus
865 1227 973 1298 urguet

159 1322 241 1364 remo
264 1311 346 1382 terga
367 1303 423 1378 sui,
447 1321 523 1382 quos
545 1303 646 1366 nobile
669 1305 794 1365 contulit
815 1307 920 1382 Argos,

157 1388 230 1449 hinc
252 1406 373 1467 quoque
394 1388 504 1448 missus
525 1389 616 1463 adest,
640 1390 772 1468 quamvis
793 1388 962 1451 arcentibus
983 1389 1087 1450 ldmon

159 1472 295 1547 alitibns3
319 1472 370 1533 sed
392 1481 479 1552 turpe
500 1474 564 1534 viro
585 1473 719 1538 timuisse
738 1476 848 1535 futura.

158 1559 209 1619 hic
231 1567 259 1618 et
280 1557 458 1618 Naubolides
480 1565 571 1618 tortas
594 1560 748 1638 consurgit
769 1560 799 1619 in
822 1559 916 1620 undas

159 1642 285 1723 Iphitus,
307 1642 358 1703 hic
378 1643 506 1722 patrium
527 1644 637 1722 trangit
657 1644 825 1724 Neptunius
844 1661 959 1722 aequor

159 1729 212 1808 qui
234 1735 316 1788 tenet
337 1727 515 1788 undisonam
536 1727 712 1790 Psamathen
734 1747 911 1808 semperque
934 1733 1082 1806 patentem

158 1815 315 1874 Taenaron
337 1810 519 1891 Euphemus,
542 1813 684 1892 mollique
706 1832 722 1874 a
744 1813 829 1874 litore
851 1813 948 1873 Pellae

157 1897 320 1960 Deucalion
343 1905 442 1957 certus
464 1897 568 1958 iaculis
590 1906 619 1958 et
640 1898 807 1959 comminus
829 1916 900 1958 ense

159 1983 268 2045 nobilis
290 1981 448 2061 Amphion,
471 1982 581 2062 pariter
602 2001 678 2062 quos
701 1983 790 2044 edidit
812 1982 913 2062 Hypso

158 2088 214 2130 nec
236 2067 334 2147 potuit
356 2066 466 2128 similes
489 2067 615 2128 voluitve
637 2068 767 2129 ediscere
788 2067 896 2128 vultus.

157 2161 222 2214 tum
244 2152 337 2212 valida
360 2151 517 2230 Clymenus
539 2171 683 2231 percusso
704 2160 824 2231 pectore
847 2161 931 2213 tonsa

156 2239 248 2300 irater
270 2244 298 2297 et
320 2236 451 2316 Iphiclus
473 2255 605 2316 puppem
627 2237 725 2310 trahit,
748 2246 777 2298 et
797 2238 861 2297 lace
882 2255 966 2296 saeva

158 2324 189 2383 in
212 2331 352 2382 tuamor
375 2321 491 2381 Danaos
513 2329 633 2382 acturus
655 2340 731 2395 saxa,
755 2321 918 2400 Caphereo,

158 2407 314 2486 Nauplius,
339 2415 368 2466 et
389 2413 500 2466 tortum
522 2425 583 2466 non
606 2426 622 2466 a
644 2407 711 2466 love
731 2406 845 2467 lulmen
869 2405 971 2466 Oileus

158 2493 210 2571 qui
234 2498 340 2570 gemet,
363 2491 509 2552 Euboicas
532 2499 601 2551 nato
623 2492 765 2552 stridente
787 2509 842 2570 per
863 2491 968 2562 undas,

157 2577 271 2656 quique
292 2576 482 2655 Erymanthei
504 2576 657 2638 sudantem
680 2577 811 2655 pondere
832 2574 960 2637 monstri

158 2660 441 2741 Amphitryoniaden
464 2661 596 2738 Tegeaeo
618 2661 719 2722 limine
743 2661 878 2740 Cepheus

158 2746 239 2822 iuvit,
264 2754 293 2807 et
315 2745 531 2825 Amphidamas.
576 2755 605 2805 at
625 2748 716 2806 irater
736 2746 853 2825 plenior
874 2743 961 2804 annis

157 2831 263 2892 maluit
284 2833 402 2892 Ancaeo
424 2831 517 2891 vellus
539 2831 711 2908 contingere
733 2829 843 2890 Phrixi.

157 2924 253 2978 tectus
277 2923 305 2976 et
328 2915 471 2994 Eurytion
494 2922 606 2976 servato
629 2915 703 2975 colla
725 2915 842 2996 capillo,

158 3019 248 3080 quem
270 3008 353 3079 pater
375 2999 484 3060 Aonias
505 2999 644 3060 reducem
666 2999 799 3060 tondebit
820 3001 857 3062 ad
878 3015 951 3058 aras.

158 3093 187 3146 te
210 3104 331 3164 quoque
353 3085 546 3159 Thessalicae,
569 3084 684 3160 Nestor,
708 3086 785 3164 rapit
808 3085 838 3146 in
860 3085 934 3143 treta
956 3079 1066 3159 puppis
1153 3085 1198 3136 380

158 3172 244 3244 lama,
267 3170 433 3249 Mycenaeis
455 3169 525 3230 olim
547 3169 599 3248 qui
621 3169 743 3231 candida
764 3171 837 3232 velis

159 3273 288 3333 aequora
311 3262 339 3315 et
360 3256 503 3316 instantes
525 3253 670 3315 mirabere
691 3256 771 3316 mille
792 3255 958 3334 magistros.

159 3339 208 3400 hic
230 3348 310 3400 vates
332 3339 503 3418 Phoebique
525 3339 597 3400 tides
620 3359 680 3400 non
703 3357 776 3401 uana
797 3338 939 3420 parentis,

160 3424 292 3504 hlopsuS,
316 3425 444 3504 puniceo
468 3424 515 3485 oui
539 3423 716 3484 circumfusa
740 3425 886 3486 cothurno

143 3609 200 3660 351.
220 3608 337 3674 amplexu
353 3607 426 3658 VPO.
462 3611 519 3660 355.
538 3613 665 3658 carentem
690 3625 725 3672 n,
742 3607 875 3658 cadentem
893 3605 979 3656 Parth
1003 3601 1154 3680 (Claudia

79 3671 241 3738 11οΓ.1,921.
295 3679 351 3728 356.
371 3681 468 3726 orestus
488 3675 548 3738 VM,
564 3679 662 3727 creteus
681 3677 732 3726 Pon*
747 3680 787 3740 (in
803 3678 876 3738 lugd,
894 3674 1012 3725 cristatus
1038 3669 1154 3735 G,P1re·

80 3742 130 3794 sios
147 3741 198 3796 He.
253 3741 384 3796 lavitHe.
429 3745 487 3797 360.
512 3743 553 3794 ida
573 3743 659 3803 tidamt
685 3760 712 3807 n,
730 3743 785 3794 idas
803 3740 956 3806 antomon
974 3740 1018 3792 m.
1097 3741 1154 3791 att.

80 3809 267 3876 caphareuMP.
303 3812 463 3864 372.nonab
486 3809 521 3863 M.
557 3813 606 3864 373
625 3811 704 3878 gemit
721 3815 843 3877 n,gemet
859 3808 903 3860 Bc.
930 3808 1059 3861 diductis
1075 3822 1156 3871 n,an-

80 3877 116 3928 nis
124 3895 149 3929 m
157 3881 195 3942 (tn
203 3882 267 3944 mg.)
276 3879 330 3932 llll.
366 3883 424 3932 382.
435 3895 481 3931 nec
492 3884 588 3930 stantes
598 3895 628 3939 o,
636 3880 790 3931 etinstautes
800 3879 936 3944 aptast).
972 3879 1029 3930 383.
1045 3876 1104 3929 hinc
1116 3876 1154 3927 Pi.
