2792 4340
600 225 626 277 (l.
645 225 765 278 VALERl
781 226 893 279 runco!

265 400 393 480 dilapsae
416 417 484 459 cunr
505 397 590 478 prole
613 416 717 472 nurus,
740 397 917 476 tandemque
939 398 1097 477 quiescunt

264 485 382 547 dissona
405 483 540 562 pervigili
561 482 682 563 planctu
704 483 790 557 vada,
819 483 944 562 qualiter
965 490 1061 544 arctos

263 571 300 631 ad
322 568 431 648 patrias
454 569 555 630 avihus
576 568 673 628 medio
696 568 753 628 iam
774 586 841 628 vere
862 569 985 630 revectis

263 653 410 733 Memphis
433 662 462 714 et
483 653 575 733 aprici
598 653 683 713 statio
706 652 772 714 silet
793 672 891 713 annua
912 653 980 725 Nili.

307 739 344 800 n
365 757 427 799 11111
449 739 518 801 inde
540 738 602 799 dies
624 757 680 798 nec
701 756 776 816 quae
797 738 890 817 magis
913 757 1017 818 aspera
1039 739 1119 799 curis

263 842 323 885 nox
344 822 458 904 Minyas
479 831 558 886 tanta
580 840 733 884 caesorum
755 823 790 883 ah
812 823 939 902 imagine
966 824 1060 884 solvit.

263 907 309 970 his
331 909 451 988 zephyri
473 909 530 969 iam
551 908 614 969 vela
635 916 756 983 vocant,
778 907 885 968 fiducia
907 909 1025 970 maestis

263 993 345 1055 nulla
366 994 451 1067 viris;
474 1011 561 1072 aegra
582 993 703 1055 adsiduo
726 1011 810 1053 mens
833 993 965 1072 carpitur
987 1000 1079 1068 aestu,

263 1079 390 1139 necdum
412 1097 516 1139 omnes
536 1078 670 1138 lacrimas
691 1078 787 1157 adque
809 1079 907 1139 omnia
928 1078 1041 1140 reddita
1062 1079 1154 1140 caesis

262 1162 339 1223 insta
361 1169 481 1242 putant3
504 1163 598 1241 patria
620 1182 655 1223 ex
676 1162 771 1224 oculis
793 1180 920 1241 acerque
942 1160 1077 1224 laborum

262 1247 368 1327 pulsus
390 1266 473 1308 amor
494 1248 639 1328 segnique
661 1248 739 1308 iuvat
759 1247 919 1326 frigescere
940 1248 1032 1309 luctu.

263 1331 327 1411 ipse
350 1333 437 1393 etiam
458 1333 629 1407 Aesonidae,
653 1351 830 1410 qumnquam
852 1333 1017 1394 tristissima
1038 1352 1138 1396 rerum

263 1417 430 1494 castiganda
453 1417 520 1477 duci
543 1417 685 1495 vultuque
707 1419 866 1496 premenda
885 1437 1005 1493 sereno,

263 1500 399 1561 dulcibus
421 1500 555 1579 indulget
576 1500 704 1562 lacrimis
727 1501 880 1580 aperitque
902 1502 1043 1565 dolorem.

262 1590 326 1645 tum
349 1594 460 1647 secreta
482 1586 602 1646 trahens
623 1585 794 1646 Phoebeum
816 1587 852 1649 ad
873 1587 959 1648 litora
980 1588 1117 1668 Mopsum

258 1663 426 1748 ‘quaenam'
449 1670 489 1731 ait
508 1665 576 1731 ‘ista
597 1671 670 1745 lues,
693 1679 744 1732 aut
765 1690 840 1750 quae
859 1673 1009 1734 sententia
1031 1669 1151 1734 divum?

262 1755 438 1816 decretusne
459 1755 539 1817 venit
560 1756 618 1817 lato
641 1754 753 1836 pavor?
775 1775 811 1818 111
833 1757 891 1817 sibi
914 1766 1037 1819 nectunt

262 1840 350 1901 corda
371 1838 492 1902 moras?
514 1860 570 1902 cur
590 1841 777 1904 immemores
797 1842 950 1920 famaeque
971 1843 1101 1921 larisque

262 1923 421 2026 angimur?
445 1934 495 1986 aut
515 1927 609 2005 pariet
630 1946 788 2005 quemnam
810 1928 882 1988 haec
904 1927 1018 2006 ignavia
1036 1923 1159 1989 lineml'

315 2004 424 2069 Dicam'
448 2011 487 2070 ait
505 2005 553 2070 ‘ac
575 2011 695 2089 penitus
717 2029 819 2071 causas
840 2011 995 2091 labemque
1017 2006 1137 2074 dooebo'

261 2091 393 2170 Mopsus,
417 2101 445 2153 et
467 2101 543 2154 astra
565 2101 652 2155 tuens
671 2087 745 2156 ‘non
769 2096 793 2157 si
815 2096 948 2158 mortalia
969 2098 1100 2158 membra

262 2177 443 2255 sortitusque
465 2177 568 2239 breves
591 2185 620 2239 et
641 2180 722 2258 parvi
743 2188 877 2260 tempora
899 2182 949 2242 lati

261 2261 455 2341 perpetimur,
478 2263 576 2324 socius
600 2264 701 2344 superi
724 2267 872 2344 quondam
893 2267 972 2346 ignis
996 2267 1122 2348 Olympi,

259 2346 302 2407 las
325 2347 390 2408 ideo
412 2348 537 2409 miscere
559 2367 648 2410 neces
668 2350 808 2429 ferroque
830 2359 979 2412 morantes

261 2430 377 2508 exigere
400 2433 470 2493 hinc
492 2434 603 2494 animas
626 2435 814 2513 redituraque
837 2437 949 2497 semina
972 2437 1061 2498 caelo.

259 2515 371 2593 quippe
394 2517 502 2588 necin
525 2526 627 2577 ventos
649 2537 704 2578 1111
725 2519 757 2579 in
780 2519 880 2581 ultima
903 2522 1045 2584 solvimur
1066 2541 1147 2596 ossa;

259 2598 303 2658 ira
324 2608 424 2659 manet
446 2600 590 2679 duratque
613 2601 706 2661 dolor.
751 2622 819 2663 oum
841 2604 946 2666 deinde
967 2608 1111 2669 tremendi

260 2683 295 2742 ad
317 2682 424 2743 solium
446 2702 553 2746 venere
575 2685 651 2746 lovis
670 2696 839 2766 questuque
861 2690 1016 2752 nefandam

259 2767 404 2829 edocuere
427 2788 540 2846 necem,
564 2778 644 2850 patet
666 2771 732 2833 ollis
754 2772 841 2834 ianua
863 2774 913 2836 leti

258 2853 353 2931 adque
376 2853 484 2916 iterum
505 2874 636 2918 remeare
657 2856 742 2931 licet;
765 2877 863 2920 comes
884 2879 946 2921 nna
967 2879 1104 2922 sororum

258 2937 374 2998 additur
396 2947 425 3000 11
447 2940 557 3018 pariter
577 2949 671 3002 terras
693 2951 780 3022 atquo
803 2963 930 3023 aequora
952 2946 1088 3007 lustrant.

258 3021 385 3100 quisque
407 3042 478 3084 suos
501 3033 602 3085 sontes
624 3025 802 3106 inimicaque
824 3038 944 3108 pectora
965 3032 1070 3110 poenis

257 3104 379 3184 inplicat
401 3116 430 3168 et
450 3109 527 3169 varia
549 3109 670 3170 meritos
692 3112 848 3174 formidine
870 3115 999 3193 pulsant.

257 3195 286 3249 11
308 3191 417 3267 quihus
439 3192 530 3253 invito
552 3194 729 3255 maduerunt
751 3198 895 3276 sanguine
918 3201 1045 3274 dextrae,

257 3272 283 3332 si
305 3273 366 3333 lors
388 3293 471 3338 saeva
492 3279 560 3338 tulit
581 3278 704 3339 miseros
727 3289 756 3341 11
777 3283 910 3361 proxima
931 3287 1045 3365 cnlpae,

257 3357 313 3417 hos
334 3359 421 3419 variis
442 3381 526 3422 mens
548 3363 611 3444 ipsa
633 3364 728 3425 modis
749 3367 808 3444 agit
830 3376 858 3428 et
880 3387 933 3430 sua
955 3379 1079 3450 carpunt

256 3441 332 3502 lacta
354 3442 447 3504 viros:
470 3448 581 3508 resides
603 3458 632 3510 11
653 3449 710 3510 iam
732 3452 775 3511 nil
797 3453 922 3532 amplius
944 3457 1008 3517 ausi

256 3527 288 3587 in
310 3526 443 3588 lacrimas
464 3529 650 3612 humilesque
671 3543 768 3597 metus
789 3555 965 3619 aegramque
987 3542 1126 3602 fatiscunt
1254 3551 1294 3604 311

257 3611 421 3689 segnitiem,
445 3631 520 3692 quos
543 3635 611 3678 ecce
632 3619 723 3680 vides.
767 3621 819 3682 sed
841 3633 941 3687 nostra
962 3627 1093 3706 requiret

176 3743 481 3758 *ἡ

239 3810 297 3861 359.
316 3825 389 3888 arcos
406 3814 495 3877 (artos)
512 3831 547 3879 11,
566 3820 649 3868 111111
667 3817 731 3883 lleg.
749 3817 797 3874 Be.
867 3825 924 3876 362.
945 3841 1028 3892 neque
1044 3829 1125 3894 magis
1143 3843 1180 3895 π,
1199 3848 1246 3885 nec

172 3887 238 3941 quae
255 3889 336 3940 magis
355 3878 405 3932 Vo.
474 3884 532 3934 374.
550 3883 595 3934 tihi
613 3900 643 3947 π,
660 3885 708 3934 sihi
726 3887 766 3940 Pl.
835 3890 893 3941 392.
914 3891 958 3942 sed
976 3911 1004 3956 π,
1023 3898 1048 3945 11
1066 3895 1112 3946 lle.
