2780 4350
398 869 433 962 o.
462 871 673 998 311331
700 873 900 967 uincor

306 1016 983 1134 ARGONAVTIOON

417 1206 575 1272 LIBER
597 1207 866 1274 SEPTIMVS.

541 1379 744 1388 *—

165 1457 222 1574 Te
245 1533 365 1593 quoque
387 1515 556 1576 Thessalico
579 1515 635 1576 iam
658 1535 741 1577 serus
764 1516 799 1576 ab
822 1514 939 1594 hospite
960 1535 1066 1595 vesper

161 1598 263 1660 dividit
285 1606 314 1659 et
335 1599 392 1660 iam
414 1608 443 1661 te
465 1607 516 1660 tua
538 1600 651 1678 gaudia,
673 1601 766 1678 virgo,
790 1600 973 1678 relinquunt,

160 1703 281 1763 noxque
303 1685 364 1744 ruit
385 1685 440 1744 soli
462 1685 585 1747 veniens
607 1704 669 1744 non
690 1685 771 1745 mitis
794 1685 912 1746 ementi.

161 1787 233 1850 ergo
254 1769 307 1829 ubi
330 1769 473 1831 cunctatis
496 1777 626 1830 extremo
648 1768 679 1830 in
703 1768 804 1829 limine
826 1768 935 1848 plantis

160 1853 286 1932 contigit
307 1873 394 1933 aegre
416 1862 498 1916 toros
521 1862 549 1914 et
571 1849 655 1914 mens
677 1852 799 1915 incensa
820 1853 960 1928 tenebris,

158 1946 274 1999 vertere
296 1947 369 2001 tunc
391 1939 485 2000 varios
508 1958 562 2018 per
583 1940 672 2018 longa
694 1938 841 2000 insomnia
863 1945 986 2018 questus

159 2042 216 2084 neo
238 2032 339 2103 pereat
360 2044 420 2104 quo
443 2024 519 2086 seire
540 2024 634 2099 malo;
657 2025 834 2102 tandemque
860 2023 945 2084 131331

158 2127 230 2168 3333
252 2108 317 2184 sibi,
340 2109 478 2187 pavidum
499 2110 596 2170 medio
619 2109 741 2170 3131313
764 2109 865 2170 dolore
888 2117 948 2169 est:

153 2185 253 2254 ‘nuno
275 2211 330 2270 ego
353 2211 412 2271 quo
436 2212 505 2253 3333
527 2195 572 2254 331
595 2213 654 2272 quo
677 2195 720 2254 sic
742 2194 865 2272 pervigil
888 2211 983 2271 usque

155 2277 222 2356 ipsu
243 2277 346 2337 volens
369 2295 470 2338 333333
491 2275 613 2338 trahor?
636 2297 698 2338 non
720 2278 792 2338 hoec
814 2278 886 2339 mibi
909 2285 988 2339 certe
1172 2289 1202 2340 10

155 2380 219 2424 nox
241 2367 489 2436 333133131333,
512 2361 626 2422 iuvenis
647 2361 816 2436 fortissime,
840 2363 946 2424 vultus.

156 2464 234 2525 quos
258 2464 312 2524 ego
335 2465 390 2506 cur
411 2445 518 2507 iterum
540 2447 662 2508 deluens
684 2447 851 2526 iterumque
873 2447 1014 2508 recordor

155 2540 217 2592 tem
237 2550 345 2610 magno
369 2531 494 2593 (11333313
515 2530 614 2592 meri?
637 2533 706 2611 quid
731 2532 761 2606 in
783 2533 900 2613 hospite
922 2532 985 2593 solo

155 2635 242 2677 meus
263 2615 359 2676 mihi?
374 2618 499 2696 cognati
520 2618 620 2697 potius
643 2618 700 2678 ium
723 2618 830 2679 3311333
853 2618 954 2679 Phrixi

156 2701 290 2780 accipiet,
314 2721 389 2780 quae
412 2702 473 2762 3313
495 2703 569 2780 petit
591 2721 726 2781 quaeque
748 2721 807 2763 una
829 2703 963 2762 laborum
1171 2713 1200 2763 15

156 2804 245 2848 33333
266 2786 338 2846 3133.
384 2805 453 2846 nam
475 2787 593 2864 quando
616 2787 718 2846 domos
741 2786 793 2847 bas
816 2786 865 2846 1113
887 2782 1017 2846 reviset?

155 2878 207 2931 aut
227 2891 312 2932 mous
334 2870 476 2932 Aesonias
498 2871 615 2948 quando
638 2878 721 2949 pater
742 2870 796 2930 ibit
817 2870 854 2930 ad
875 2866 986 2930 urbes?

153 2955 266 3031 felices,
288 2955 392 3016 mediis
413 2955 465 3033 qui
486 2975 519 3015 se
541 2956 609 3017 dare
630 2954 769 3016 fluctibus
792 2955 857 3016 ausi

154 3047 329 3102 nectentes
350 3041 477 3101 timuere
498 3041 557 3101 3133
579 3040 725 3120 talemque
748 3040 843 3102 secuti

152 3125 214 3185 buc
236 3126 288 3203 qui
310 3126 416 3187 deinde
437 3126 547 3186 virum:
572 3126 622 3186 sed
645 3127 687 3186 sio
709 3143 829 3204 quoque
850 3125 916 3186 13113
938 3123 1026 3185 abito.
1166 3137 1198 3188 20

154 3217 218 3270 tum
241 3211 429 3273 13313131333
452 3211 636 3289 nimiumque
659 3219 777 3290 experto
800 3210 907 3284 cubile,

154 3313 223 3356 eocc
245 3296 322 3356 videt
344 3296 427 3356 tenui
450 3297 625 3358 candescere
647 3296 736 3358 limen
760 3313 831 3369 eoo;
1024 3357 1026 3370 ‚

153 3399 211 3441 uec
231 3381 331 3441 minus
355 3381 523 3442 insomnem
544 3381 595 3442 lux
617 3390 680 3442 3313
701 3381 804 3441 3313311
826 3387 980 3455 ornantem,

153 3483 242 3543 quem
265 3484 333 3527 cum
355 3466 529 3544 languentes
552 3465 623 3527 levis
645 3465 731 3544 erigit
752 3463 847 3526 imber
868 3465 982 3541 3313133,

153 3557 269 3628 grutere
291 3552 348 3612 iem
369 3550 456 3611 sessis
478 3551 662 3613 descendunt
683 3550 800 3613 flamina
822 3551 920 3612 remis.
1160 3559 1192 3611 25

134 3719 158 3770 8.
176 3719 281 3784 paulum
298 3734 327 3780 π,
344 3716 465 3783 pavidum
484 3718 544 3776 He.;
564 3733 599 3769 cn
617 3718 708 3784 pavide
726 3718 772 3768 in?
824 3720 864 3770 20.
882 3716 994 3779 bunun,
1012 3715 1061 3766 1333
1080 3715 1140 3767 Scb.

134 3787 175 3838 21.
196 3789 300 3852 tumque
319 3785 381 3850 Vc,
408 3791 462 3836 tum
488 3801 589 3852 quoque
607 3784 649 3850 M,
674 3786 830 3853 nimiumque
849 3784 883 3838 B.
970 3783 1093 3836 3113313
1112 3783 1140 3851 C,

60 3870 113 3906 om.
132 3870 162 3906 n.
