2792 4340
437 191 801 272 xnaonxvrmonbxnnn
819 217 857 269 vr.

160 394 217 437 nec
237 375 337 436 minus
360 374 452 436 Aeolii
475 375 574 454 proles
596 375 695 436 Aeetia
717 375 817 435 Phrixi

162 463 257 522 lertur
279 468 308 522 et
329 460 393 540 ipsa
414 461 517 520 furens
540 477 573 520 ac
595 479 627 520 se
648 461 737 520 modo
759 461 832 520 laeta
855 460 971 540 Cytaeis¹

160 545 335 625 agminibus,
357 547 445 606 modo
468 545 599 623 cognatis
621 553 748 606 ostentat
770 545 896 606 Achivis.

159 633 255 710 adque
275 632 331 691 bos
353 630 384 690 in
406 630 502 690 medio
525 631 591 691 duri
614 630 782 692 discrimine
804 631 873 691 belli

159 716 295 777 laudibus
317 715 408 793 inque
430 715 503 794 ipsis
525 716 656 794 gaudens
678 715 728 776 ubi
750 716 820 776 vidit
842 716 938 788 lason,

155 796 271 862 ‘macte'
296 801 344 873 ait,
363 795 395 860 ‘o
418 808 554 860 nostrum
577 819 672 879 genus
695 808 723 860 et
744 801 801 861 iam
825 808 903 861 certa
926 818 1057 880 propago

159 886 277 948 Aeoliae
298 904 354 946 nec
375 885 465 963 opina
487 886 606 961 domus;
629 893 673 946 sat
694 903 799 964 magna
820 886 954 946 laborum

159 972 236 1032 dona
257 971 331 1045 lero,
354 970 423 1030 satis
444 971 502 1030 boc
523 971 587 1031 visu
610 989 814 1049 quaecumque
836 965 986 1050 rependo?

159 1056 231 1116 dixit
252 1063 281 1116 et
302 1055 332 1116 in
356 1056 465 1116 Sueten
487 1055 646 1134 magnique
668 1056 699 1115 in
721 1057 778 1116 lata
800 1055 935 1117 Ceramni
1153 1066 1199 1117 550

158 1140 278 1202 emicuit
300 1140 488 1218 clipeumque
510 1148 610 1201 rotans
631 1142 713 1201 bunc
734 1141 845 1221 poplite
867 1157 951 1202 caeso

157 1225 255 1300 deicit,
277 1225 361 1286 illum
383 1225 477 1304 aperit
498 1226 555 1286 lato
578 1245 633 1306 per
654 1234 757 1306 pectus
779 1227 870 1286 biatu.

157 1313 255 1388 Argus
276 1319 436 1388 utrumqne
458 1311 494 1370 ab
516 1311 602 1390 equis
624 1311 736 1389 ingenti
758 1312 884 1390 porrigit
905 1327 973 1370 arvo

157 1404 187 1456 et
208 1395 350 1456 Zacorum
373 1403 402 1456 et
423 1395 561 1471 Phalcen,
584 1395 711 1476 peditem
734 1397 823 1475 pedes
845 1395 943 1456 haurit
964 1393 1121 1454 Amastrin.

156 1481 311 1559 sanguinis
332 1481 382 1542 ille
405 1481 508 1559 globos
531 1482 681 1560 effusaque
702 1482 812 1543 viscera
835 1487 928 1560 gestat
1152 1489 1198 1540 555

105 1623 109 1639 ,
153 1565 297 1626 barbams
319 1574 348 1626 et
370 1583 451 1627 cassa
472 1566 613 1627 frendens
634 1566 799 1627 sublabitur
819 1566 871 1627 ira.

144 1651 204 1710 dat
227 1650 318 1712 Calais
340 1651 492 1712 barisanta
513 1652 580 1712 neci
602 1669 777 1730 semperque
799 1652 983 1730 propinquas

154 1735 269 1815 Rhipea
290 1735 384 1796 venali
406 1736 594 1796 comitantem
616 1736 760 1814 sanguine
782 1753 906 1814 pugnas.

154 1829 275 1881 centum
297 1820 370 1881 lacta
394 1820 484 1880 boum
506 1820 629 1881 bellator
651 1838 784 1899 corpora,
808 1827 927 1881 centnm

154 1913 260 1984 pactus
283 1923 392 1984 equos;
416 1905 461 1965 bis
484 1905 533 1965 ille
554 1905 680 1965 animam
701 1906 858 1986 lucemque
880 1903 1016 1984 rependit
1150 1913 1196 1964 560

154 1990 299 2064 crudelis;
322 1991 439 2051 tandem
463 1989 563 2051 dulces
586 1991 642 2051 iam
665 2009 766 2052 cassus
788 1991 819 2051 in
842 2009 928 2050 auras

150 2074 276 2154 respicit
298 2093 331 2136 ac
354 2076 434 2136 nulla
456 2076 567 2137 caelum
590 2076 753 2155 reparabile
776 2095 853 2155 gaza.

151 2159 263 2220 labitur
285 2160 410 2220 intortos
432 2178 486 2239 per
507 2168 640 2239 tempora
662 2162 778 2222 caerula
801 2162 899 2222 crines

149 2253 227 2306 tunc
249 2261 368 2322 quoque
389 2252 521 2306 materna
542 2246 653 2305 velatus
674 2246 840 2306 harundine
862 2246 991 2306 Peucon.

149 2338 181 2391 at
204 2328 337 2406 genetrix
361 2329 427 2388 imis
449 2330 559 2408 pariter
580 2331 701 2390 lllaeotis
724 2330 760 2390 ab
782 2329 875 2390 antris
1150 2339 1194 2391 565

148 2412 284 2493 implevit
305 2413 448 2492 plangore
469 2415 550 2474 lacus
573 2423 734 2493 natamque
754 2415 875 2490 vocarit,

150 2501 211 2560 iam
234 2517 293 2558 non
317 2517 371 2577 per
393 2497 482 2576 ripaS,
506 2499 562 2559 iam
585 2517 646 2560 non
668 2518 722 2580 per
743 2519 832 2566 curva
853 2500 1000 2560 volantem

150 2593 255 2661 stagna
277 2601 332 2644 nec
354 2583 384 2643 in
407 2584 503 2644 medio
525 2592 711 2646 truncantem
732 2595 879 2646 marmore
901 2603 1011 2646 cervos.

150 2669 282 2747 Eurytus
304 2667 460 2729 Exomatas
482 2669 541 2748 agit
561 2688 700 2749 aequore.
744 2671 877 2731 Nestoris
899 2672 998 2730 hastae

150 2753 320 2814 immoritur
340 2753 506 2832 primaevus
528 2753 621 2828 Helix,
644 2773 700 2814 nec
721 2756 832 2814 reddita
855 2773 922 2815 caro
1147 2763 1193 2814 570

150 2837 332 2899 nutrimenta
354 2838 430 2918 patri
437 2856 445 2913 ;
468 2837 605 2898 brevibus
627 2846 746 2917 ereptus
768 2839 799 2898 in
822 2839 918 2898 annis.

150 2931 181 2984 at
202 2923 342 2983 Latacum
364 2923 522 3001 Zetemque
544 2923 666 3002 Daraps,
688 2923 772 2983 illum
795 2923 884 3002 exigit
905 2924 996 2996 basta,

149 3007 200 3068 hic
221 3008 307 3086 fugit,
330 3009 478 3086 ingentem
502 3008 591 3068 subiti
614 3026 682 3069 cum
704 3008 858 3088 sauguinis
879 3010 988 3069 undam

149 3092 223 3152 vidit
246 3099 274 3152 et
296 3100 425 3153 extremo
447 3093 576 3154 lucentia
598 3101 717 3173 pectora
738 3095 828 3154 lerro.

194 3177 271 3238 Ecce
294 3185 391 3238 autem
412 3178 506 3238 muris
528 3178 661 3239 residens
682 3179 784 3240 Medea
805 3179 936 3258 paternis
1146 3188 1192 3240 ὅτε
1225 3198 1251 3238 ν

149 3262 269 3340 singula
292 3262 360 3322 dum
383 3264 482 3342 magni
504 3264 609 3324 lustrat
631 3264 789 3325 certamina
811 3264 879 3324 belli

148 3347 246 3425 adque
270 3347 355 3407 bos
348 3365 410 3444 ipsa
433 3348 540 3428 procul
562 3349 703 3411 densam
727 3348 851 3427 caligine
873 3365 957 3441 reges

148 3431 285 3511 agnoscit
308 3433 481 3511 quaeritque
503 3433 576 3494 alios
598 3435 712 3495 lunone
733 3433 881 3512 magistra,

1107 1811 1116 1846 Ι

54 3585 375 3602 ae-——s

129 3669 193 3720 550.
212 3667 326 3720 Seutben
345 3667 419 3719 Salar.
440 3667 508 3726 tote
529 3670 580 3733 79)
649 3671 707 3721 553.
726 3683 833 3732 auron
851 3668 903 3719 ictu
923 3665 949 3730 0,
967 3667 1070 3718 arvoJ.

45 3742 113 3792 570.
137 3734 253 3787 reddidit
272 3736 335 3787 orbo
353 3733 403 3790 Pb.
425 3734 466 3788 W.
487 3738 566 3800 (399).
636 3739 693 3788 571
707 3735 905 3803 praereptuso.
992 3735 1138 3787 5555515-
1240 3746 1246 3757 ·

44 3814 144 3860 tacum
163 3819 192 3863 π,
215 3809 241 3854 at
257 3802 480 3871 Latagumt'ae-
498 3803 627 3870 Zatenque
648 3803 675 3869 0,
693 3803 830 3870 Zelamqne
852 3802 942 3854 Tb-
958 3802 1070 3854 DatisJ.
1091 3803 1132 3854 W.

46 3875 117 3942 (cfr.
141 3873 196 3936 66)
