2780 4350
635 236 661 288 G.
678 236 796 289 vntum
811 237 923 291 mucel

291 393 421 454 substitit
441 393 535 468 adque
556 391 664 452 iterum
684 391 771 454 lletus
792 392 942 470 animique
963 393 1061 468 soluti,

291 479 479 556 respexitque
501 477 585 537 deam
607 476 787 554 paulumque
807 477 854 537 his
875 477 997 538 vocibus
1018 479 1125 542 bresit:

289 555 366 642 ‘ipse
386 570 471 642 rogat
492 568 572 622 oerte
593 577 699 640 meque
720 562 784 640 ipse
806 561 943 640 implorat
963 562 1059 624 lason.
1294 583 1338 634 385

292 648 412 710 nullane
435 647 522 726 eulpa
544 644 665 706 subest‘l
687 646 767 707 labes
788 665 850 707 non
872 647 933 708 ulla
953 648 1086 726 pudoris,

289 733 390 795 nullus
411 729 515 794 amor?
538 749 594 792 neo
615 742 703 809 turpe
722 731 786 792 viro
807 731 917 793 sarrire
938 727 1102 810 premntil'

289 818 339 880 illa
360 818 434 880 nilnl
456 824 559 878 eontra
579 834 725 894 renesque
747 816 897 896 abrumpit
917 816 1028 878 inanes.

291 912 319 965 et
341 903 398 964 iam
420 903 477 964 iam
497 900 611 980 magieo
634 918 687 980 per
709 917 800 981 opaea
820 900 937 962 silentia
959 901 1075 964 bolonis

289 995 428 1067 coeperat
448 987 492 1048 ire
514 1004 598 1061 sono,
620 993 818 1065 montanaque
840 986 967 1048 condere
981 988 1079 1048 vabus
1288 1007 1331 1056 390

288 1072 411 1134 numina
433 1089 560 1150 eumque
581 1070 643 1132 suis
663 1071 754 1132 averti
775 1071 900 1132 collibus
922 1073 1046 1146 Amnem

287 1157 345 1218 iam
366 1157 488 1218 stabulis
509 1155 708 1235 gregibusque
730 1175 820 1235 pavor
841 1156 1039 1236 strepitusque
1061 1159 1209 1237 sepulcrm

287 1241 445 1317 incideram
468 1246 568 1321 stupet
588 1242 652 1321 ipsa
673 1240 753 1320 gravi
775 1257 834 1301 nox
856 1241 967 1302 tardior
986 1241 1101 1303 umbra.

290 1327 407 1406 iamque
429 1334 559 1388 tremens
581 1327 669 1404 longe
692 1325 827 1405 sequitur
848 1325 963 1400 Venus;
986 1333 1078 1406 utque
1098 1328 1157 1390 sub
1177 1331 1252 1392 altas

288 1429 448 1490 pervenere
470 1409 568 1470 trabes
590 1411 729 1488 divaeque
749 1410 892 1470 triformis
914 1410 945 1470 in
967 1411 1112 1486 umbram,
1283 1426 1324 1476 395

285 1494 335 1554 hie
356 1494 453 1555 subito
474 1501 542 1554 ante
563 1494 666 1554 oeulos
689 1495 821 1556 nondum
843 1502 977 1574 speratus
998 1496 1084 1557 lason

288 1578 417 1652 emicuit,
439 1577 569 1655 viditque
591 1577 674 1657 prior
696 1580 855 1640 conterrita
876 1580 968 1658 virgo.

287 1655 385 1742 adque
403 1663 451 1724 hic
473 1681 505 1723 se
527 1662 682 1740 profugam
703 1664 815 1725 volueri
838 1664 1044 1726 Thaumantias
1066 1665 1110 1726 ala

287 1747 421 1822 sustulit;
444 1747 513 1808 inde
535 1746 635 1808 Venus
658 1748 775 1810 donuae
797 1749 907 1828 dilapsa
927 1749 1050 1810 tenenti

285 1831 389 1892 obvius
411 1840 445 1893 ut
465 1849 530 1893 sera
552 1849 620 1892 cum
641 1851 674 1893 se
696 1833 750 1893 sub
773 1841 860 1896 noete
881 1834 1037 1912 magistris.

285 1915 414 1995 inpingit
434 1917 595 1996 pecorique
617 1933 715 1995 paror,
739 1918 873 1996 qualesve
895 1919 1076 1996 profundum

283 2017 338 2078 per
359 2000 448 2060 chaos
470 2009 632 2060 ooourruut
653 2017 756 2062 eaesae
777 2003 842 2063 sine
863 2002 984 2063 roribus
1006 2001 1141 2076 umbram

282 2083 354 2144 haut
375 2097 461 2144 secus
482 2083 513 2143 in
535 2084 639 2146 mediis
660 2087 757 2146 noetis
779 2086 968 2165 nemorisque
989 2087 1119 2148 tenelnie

282 2165 447 2228 inciderant
467 2167 553 2228 arnbo
575 2167 689 2230 attoniti
712 2170 851 2250 iuxtaque
873 2171 1018 2248 subibant,

282 2250 425 2313 abietibus
446 2251 542 2314 taoitis
563 2261 614 2315 aut
634 2253 762 2316 immotis
784 2256 941 2335 cyparissis
1012 2280 1013 2283 ¹

282 2336 439 2412 adsimiles,
462 2339 582 2417 rspidns
604 2339 737 2400 nondum
759 2355 832 2419 quas
853 2341 973 2404 miscuit
993 2349 1100 2403 auser.

323 2421 402 2500 Ergo
424 2429 458 2482 ut
478 2430 542 2483 erat
562 2423 645 2484 vultu
668 2425 779 2486 defixus
800 2433 927 2504 uterque
948 2425 1047 2489 silenti

280 2521 398 2583 noxque
420 2523 507 2566 suum
529 2507 687 2585 peragebat
707 2509 777 2584 iter,
799 2511 857 2570 iam
877 2510 935 2572 iam
957 2525 1008 2571 ora
1029 2512 1124 2573 levare

280 2588 447 2648 Aesoniden
468 2589 583 2666 farique
605 2590 688 2669 eupit
708 2593 808 2654 bledea
829 2594 968 2674 priorem.

280 2689 368 2750 quam
389 2671 478 2732 simul
499 2672 599 2734 ellusis
621 2674 798 2754 pavitantem
818 2679 935 2740 fletibus
957 2680 1045 2740 beros

278 2755 494 2836 flagrantesque
515 2775 605 2837 genas
626 2759 697 2821 vidit
718 2761 918 2843 miserumque
938 2765 1093 2843 pmerem,
1117 2807 1119 2813 ,

277 2842 329 2902 bas
352 2844 469 2904 tandem
490 2858 576 2905 voees
599 2845 678 2908 dedit
699 2854 728 2907 et
749 2848 860 2908 solatus
880 2856 1025 2911 sanantem
1045 2855 1101 2911 est.

274 2920 398 2988 ‘Fersne
420 2927 546 3006 aliquam
567 2943 651 3008 spem
672 2927 784 2992 broisl'
807 2934 856 3007 ait,
875 2927 1024 2998 ‘irriserata
1032 2935 1176 2998 deberem

279 3029 385 3090 nempe
406 3009 510 3072 vonis?
533 3027 570 3072 an
594 3015 707 3094 etipsa
728 3035 794 3079 mea
814 3018 958 3080 laetabere
978 3017 1096 3081 morto?

278 3113 325 3168 ne,
348 3112 463 3174 preoor,
486 3093 606 3158 infando
629 3099 753 3162 similem
775 3110 813 3178 te,
836 3103 928 3182 virgo,
950 3104 1066 3183 parenti

278 3178 419 3256 gesseris,
442 3179 512 3240 baut
533 3181 606 3242 tales
628 3183 711 3246 deret
732 3185 920 3250 inclementia
939 3189 1047 3250 vultus.

277 3263 398 3324 hascine
421 3283 502 3326 nuno
523 3274 629 3345 grates,
652 3269 723 3330 baeo
745 3279 894 3352 expectata
916 3273 1050 3334 laborum

277 3346 353 3407 dona
375 3347 436 3409 dari
458 3349 578 3412 decuit?
600 3351 643 3414 sio
664 3362 693 3415 te
714 3355 770 3416 sub
791 3365 865 3420 teste
887 3357 996 3422 remitti

272 3431 316 3492 las
338 3449 394 3508 me,
416 3433 508 3513 virgo,
530 3436 636 3500 tuum?
658 3438 749 3502 iustas
771 3442 807 3503 da
828 3443 948 3504 vocibus
971 3461 1067 3504 aures.

273 3514 345 3594 quid
365 3522 449 3597 pater
468 3518 518 3582 ille
539 3529 609 3583 tuus
631 3525 720 3586 tantis
734 3544 781 3588 me
797 3545 949 3606 opponere
963 3527 1114 3602 monstris,
1266 3535 1307 3586 ltt

258 3735 315 3786 ato.
334 3741 525 3805 monstrataque
544 3739 583 3805 V,
607 3745 777 3811 mostrataque
804 3744 847 3810 M,
874 3750 1045 3814 montanaque
1064 3743 1193 3798 dorville
1216 3743 1262 3816 (ad

194 3797 272 3854 Ultor.
289 3801 308 3866 l,
329 3805 361 3867 1).
446 3808 505 3860 tos.
524 3807 626 3861 nbibs
644 3811 691 3862 Hs.
777 3810 835 3867 stt.
853 3813 891 3866 las
909 3814 970 3866 mibl
986 3833 1020 3879 π,
1044 3815 1082 3868 lats
1107 3827 1151 3868 nie
1173 3816 1261 3868 nereio

188 3869 254 3930 qar'r.
323 3872 381 3922 420.
399 3887 446 3924 nec
463 3891 491 3939 π,
509 3875 570 3940 quid
588 3877 664 3927 Zinz.
