2792 4340
447 219 702 274 ARGONAVTlGON
718 221 813 274 LIBER
830 221 860 273 V.

171 376 355 438 omnituens
399 384 450 438 tua
472 394 553 437 nunc
575 377 671 450 terris,
694 385 744 438 tua
766 377 878 439 lumina
899 385 961 439 toto

171 480 282 542 sparge
303 461 393 535 niari;
416 480 469 522 seu
491 468 591 522 nostra
614 462 697 523 dolos
719 462 840 523 molitur
862 471 991 541 opertos,

173 548 237 618 sive
259 554 378 608 externa
400 564 515 620 manue
539 546 653 625 primus
675 547 748 607 milri
771 547 894 608 nuntius
917 556 990 609 esto.

171 640 209 693 tu
232 649 360 711 quoque,
383 639 494 692 sacrata
515 631 637 692 rutilant
658 631 707 692 cui
728 632 835 693 vellera
856 651 979 712 quercu,

172 717 330 790 excubias,
353 715 485 790 Gradive,
509 723 592 789 tene;
616 717 782 794 praesentia
803 717 870 778 luco

171 819 255 862 arma
276 801 424 880 tubaeque
446 809 561 874 sonent,
584 819 639 860 vox
661 809 689 862 et
711 809 760 862 tua
782 801 919 863 noctibus
942 796 1037 864 extet?

171 886 223 946 vix
245 905 287 961 ea,
311 886 465 948 Caucaseis
488 904 556 946 cum
578 885 677 965 lapsus
699 886 850 948 montibus
871 888 986 966 anguis,

172 971 255 1032 haud
276 970 340 1032 sine
362 979 461 1031 mento
483 971 539 1044 dei,
562 969 650 1048 spiris
673 989 778 1032 nemus
801 989 888 1032 omne
909 973 1016 1032 retusis

172 1055 314 1134 inplicuit
335 1055 515 1134 Graiumque
538 1055 642 1134 procul
664 1056 793 1134 respexit
814 1057 850 1118 ad
872 1057 982 1117 orbem.

172 1158 246 1219 ergo
268 1159 371 1202 omnes
393 1139 550 1219 prohibere
571 1141 666 1202 minas
688 1140 895 1220 praedictaque
916 1141 1016 1202 Phrixi

173 1225 316 1303 iniigilat,
339 1225 427 1305 plena
449 1225 576 1286 necdum
598 1225 698 1286 Medea
720 1225 837 1286 iuventa

174 1311 317 1371 adnuitur
338 1309 472 1371 thalamis
494 1309 599 1370 Albani
621 1310 702 1388 virgo
726 1310 852 1388 tyranni.

218 1393 333 1456 Interea
355 1395 487 1473 auguriis
509 1395 709 1472 monstrisque
731 1395 895 1456 minacibus
917 1394 1022 1455 urbem

171 1479 288 1540 territat
310 1487 377 1540 ante
399 1498 525 1540 monens
547 1497 664 1558 semper
685 1481 757 1540 deus
781 1489 810 1540 et
831 1480 895 1540 data
918 1480 1002 1540 scri-

174 1564 261 1642 signa
282 1564 367 1637 mali3
390 1564 473 1625 reddi
495 1563 575 1624 iubet
597 1564 712 1624 exitiale
734 1566 870 1626 sacerdos

172 1648 268 1709 vellus
291 1657 320 1709 ot
341 1648 510 1710 Haemoniis
531 1649 692 1710 infaustum
714 1649 830 1710 mittere
853 1648 948 1709 terris.

174 1741 280 1794 contra
302 1734 370 1795 Sole
392 1741 472 1794 satus
493 1733 594 1793 Phrixi
616 1740 773 1811 praecepta
793 1732 928 1794 volutans

174 1836 265 1896 aegro
289 1818 378 1878 corde
400 1827 503 1896 negat,
527 1835 582 1878 nec
604 1815 683 1895 vulgi
706 1835 778 1878 cura
798 1825 933 1895 tyranno,

171 1903 246 1963 dum
268 1921 321 1963 sua
343 1902 380 1962 sit
401 1905 488 1963 modo
511 1909 572 1962 tuta
594 1901 682 1962 salus.
727 1909 799 1963 tunc
821 1901 925 1962 ordine
948 1901 1011 1980 regi

156 1987 327 2084 proximus
350 1995 378 2048 et
399 1988 489 2048 irater
509 1994 642 2048 materno
665 1986 808 2064 sanguine
829 1986 934 2048 Perses
996 1996 998 2002 ’

173 2072 353 2151 mcrepitare
376 2072 487 2145 virum;
510 2072 645 2149 sequitur
667 2071 741 2132 duce
766 2070 851 2132 turba
874 2079 1001 2150 reperto.

174 2156 226 2217 ille
247 2157 350 2218 furens
372 2156 415 2217 ira
438 2156 511 2216 solio
534 2175 565 2216 se
588 2155 716 2234 proripit
737 2156 805 2229 alto,

172 2241 406 2321 praecipitatque
429 2249 542 2319 patres:
567 2240 672 2318 ipsum·
688 2240 761 2318 quin
784 2239 891 2300 talibus
912 2240 992 2300 ausis

172 2345 259 2406 spem
281 2325 338 2387 sibi
359 2326 415 2386 iam
438 2343 538 2386 rerum
560 2323 638 2402 vulgi
662 2324 775 2385 levitate
798 2329 945 2384 serentem

172 2428 247 2472 ense
268 2410 351 2489 petit.
395 2411 472 2489 rapit
493 2409 561 2470 inde
583 2409 683 2486 lugam
706 2408 835 2468 crudelia
857 2407 962 2468 Perses

171 2495 259 2574 signa
281 2513 388 2573 gerens
410 2511 588 2572 omnemque
609 2494 703 2571 quatit
724 2491 894 2554 rumoribus
915 2500 1028 2555 arcton.

172 2580 293 2657 iamque
314 2579 412 2640 aderat
434 2579 534 2640 multis
557 2597 660 2656 regum
682 2597 750 2640 cum
772 2577 891 2638 milibus
914 2579 991 2654 urbi,

171 2665 328 2744 primaque
351 2663 382 2724 in
404 2664 540 2725 adversos
561 2665 719 2724 frustratus
741 2663 852 2742 proclia
874 2681 976 2724 muros

172 2749 356 2810 constiterat.
400 2750 484 2810 datus
506 2756 535 2808 et
556 2747 644 2808 sociis
667 2747 816 2824 utrimque
839 2747 1004 2808 cremandis

172 2834 225 2895 ille
247 2833 309 2894 dies
331 2833 462 2911 alterque
485 2833 556 2905 dies,
580 2850 648 2892 cum
669 2833 761 2893 Marte
782 2830 905 2891 remisso

173 2917 292 2980 debitus
315 2918 416 2979 Aeaeis
439 2918 497 2979 dux
519 2917 678 2979 Thessalus
700 2915 812 2994 adpulit
834 2915 903 2975 oric.

217 3002 282 3062 Nox
303 3002 458 3064 hominum
481 3019 575 3080 genus
598 3007 627 3061 et
649 3002 739 3065 duros
761 3000 896 3062 miserata
919 2999 1034 3061 labores

172 3085 327 3148 rettulerat
348 3087 434 3148 lessis
457 3093 554 3165 optata
576 3086 690 3148 silentia
711 3085 808 3146 terrie.

174 3179 206 3233 at
227 3172 302 3233 luno
325 3179 354 3233 et
375 3172 482 3232 summi
504 3170 585 3249 virgo
608 3170 684 3230 lovis
706 3170 809 3232 intima
830 3187 931 3230 secum

176 3257 301 3317 consilia
324 3265 353 3317 et
374 3256 467 3317 varias
488 3255 640 3316 sociabant
660 3262 781 3335 pectore
804 3273 898 3316 curas.

173 3341 258 3419 virgo
282 3340 378 3419 prior:
398 3337 518 3420 ‘magna
540 3341 649 3420 pariter
671 3359 747 3418 quos
767 3339 846 3401 mole
867 3335 1025 3416 petamus?

170 3420 294 3486 ‘cernis'
318 3425 358 3486 ait
376 3419 515 3487 ‘Colchos
537 3425 664 3486 habeant
686 3443 761 3503 quae
783 3423 904 3503 proelia,
928 3422 1039 3501 quique

175 3529 259 3571 nunc
281 3517 382 3572 status.
427 3511 498 3573 hinc
520 3511 634 3585 Perses,
657 3509 740 3571 illinc
762 3527 823 3569 non
845 3506 956 3568 viribus
980 3507 1083 3587 aequis

172 3602 295 3675 apparat
318 3597 421 3657 Aeetes
443 3595 544 3657 aciem.
589 3595 697 3673 quibus
719 3592 853 3655 addimur
873 3587 995 3654 armis‘l‘
1170 3603 1216 3654 285

1027 3332 1034 3357 )

158 3798 219 3850 254.
237 3795 329 3848 refosis
344 3795 378 3862 V,
395 3795 499 3847 refossis
517 3793 553 3856 tt,
571 3793 661 3846 refusis
680 3793 707 3854 0,
725 3793 826 3845 retortis
847 3792 893 3845 Ta.
964 3794 1023 3845 27⁰.
1043 3792 1166 3846 ferentem

69 3871 106 3929 0,
172 3866 232 3918 2Ί3.
251 3864 350 3930 magnis
367 3881 396 3930 π,
413 3864 500 3916 multis
508 3861 587 3923 nor.;
606 3878 642 3913 an
659 3863 786 3928 magnus?
801 3891 831 3902 -
850 3876 957 3927 regnum
975 3875 1003 3925 π,
1021 3874 1110 3927 regmn
1119 3860 1163 3929 01.
