2792 4340
464 223 721 278 ARGONAVTICON
738 225 832 280 LIBER
850 226 894 279 lV.

190 398 351 477 aegidaque
373 397 422 458 ille
445 417 567 478 gerens,
590 416 711 477 magnas
733 397 788 458 sibi
811 398 882 478 legit
904 397 934 457 in
957 395 1039 458 iras?

190 501 273 545 nunc
294 501 413 562 quoque
436 482 599 563 Agenoreis
620 483 697 544 idem
719 483 861 544 decedere
883 482 968 543 tectis

190 570 330 648 imperat;
353 567 540 646 adgnoscunt
560 568 692 629 monitus
713 569 869 647 iussaeque
893 567 1044 628 recedunt

189 672 259 716 mox
280 659 378 713 tamen
401 660 430 714 et
451 653 534 714 vobis
557 652 660 714 similis
682 653 761 731 luga,
785 671 853 714 cum
874 660 989 733 premet
1010 671 1097 714 arcus

190 739 295 800 letifer
339 737 485 817 Harpyiae
506 755 668 834 numquam
691 755 765 799 nova
787 737 893 818 pabula
915 745 1066 840 quaerent,

191 825 285 884 donec
307 829 395 883 erunt
416 823 515 884 divum
536 823 657 884 meritae
678 821 881 884 mortalibus
873 817 953 883 rrae.²

190 908 284 969 haesit
305 916 430 986 uterque
452 907 522 1004 polo
544 906 704 1004 dubiisque
723 905 854 1003 elanguit
875 906 944 980 alis;

190 1011 259 1054 mox
280 991 340 1052 abit
361 1000 391 1053 et
412 992 509 1053 sociae
530 992 624 1052 victor
644 992 719 1072 petit
740 991 859 1070 agmina
880 991 1000 1072 puppis.

233 1077 348 1138 Interea
368 1076 483 1157 Minyae
504 1075 589 1157 pulsa
611 1077 660 1138 lue
681 1076 775 1156 prima
796 1077 911 1137 tonanti

190 1181 272 1224 sacra
294 1169 417 1236 novant3
439 1170 502 1222 tum
523 1161 589 1222 vina
611 1161 685 1221 toris
706 1161 866 1241 epulasque
888 1168 1047 1240 reponunt.

189 1249 255 1328 ipse
276 1247 488 1308 intermedius
511 1265 565 1308 ceu
587 1245 682 1308 dulcis
703 1245 831 1325 imagine
852 1246 950 1306 somni

189 1333 283 1393 laetus
304 1332 340 1392 ad
362 1331 469 1392 oblitae
492 1331 607 1392 Cereris
629 1331 759 1410 suspirat
779 1329 926 1404 honores3

191 1416 344 1496 adgnoscit
364 1416 472 1477 Raccbi
494 1415 594 1478 latices
616 1415 770 1495 adgnoscit
791 1423 821 1476 et
841 1415 951 1476 undam

191 1509 221 1563 et
243 1519 316 1562 nova
339 1519 400 1562 non
423 1500 542 1580 pavidae
564 1501 689 1561 miratur
711 1499 815 1580 gaudia
836 1517 965 1561 mensae.

191 1587 272 1647 bunt
294 1585 344 1646 ubi
366 1586 507 1647 reclinem
529 1585 628 1646 stratis
648 1581 679 1647 ‘et
699 1603 772 1664 pace
792 1585 941 1664 fruentem

191 1670 296 1750 aspicit
316 1689 350 1732 ac
372 1670 478 1750 longae
499 1671 657 1732 ducentem
681 1670 785 1730 oblivia
807 1687 931 1750 poenae,

190 1755 300 1816 talibus
320 1756 448 1835 appellat
469 1754 653 1836 supplexque
675 1755 715 1814 ita
736 1755 816 1814 latur
837 1754 938 1814 lason.

187 1835 276 1937 ‘votat
298 1859 399 1915 senex
421 1840 551 1920 perfecta
572 1840 642 1914 tibi;
665 1857 747 1899 nunc
768 1857 816 1899 me
838 1855 957 1918 quoque
980 1837 1061 1897 curis

191 1925 273 2022 eripe
296 1932 325 1986 et
346 1925 382 1986 ad
404 1933 522 1986 nostros
543 1925 674 1985 animum
697 1931 835 1984 converte
857 1922 981 1983 labores

192 2010 288 2071 omnis
310 2009 405 2070 adbuc
427 2029 492 2070 sors
510 2010 584 2070 laeta
605 2008 733 2088 quidem,
757 2026 813 2069 nec
835 2007 957 2069 numine
978 2023 1053 2066 vano

192 2095 289 2176 (siqua
310 2095 382 2156 fides
406 2113 494 2156 curae
515 2097 670 2174 superum)
691 2101 806 2154 tantum
828 2110 939 2190 aequor
960 2091 1055 2152 adorti

191 2179 356 2254 tendimus3
378 2181 442 2259 ipsa
463 2179 536 2240 mibi
558 2197 689 2276 puppem
712 2178 787 2239 lovis
810 2178 919 2258 optima
940 2175 1041 2256 proles

194 2264 331 2339 instituit
354 2265 434 2326 dedit
455 2273 485 2326 et
506 2265 604 2324 socios
626 2263 763 2324 Saturnia
783 2279 880 2340 reges.

191 2349 283 2410 fidere
304 2367 389 2410 mens
411 2349 462 2410 sed
485 2357 586 2409 nostra
608 2348 721 2426 nequit,
744 2354 945 2427 quantumque
966 2344 1147 2440 propinquat

190 2433 295 2494 Phasis
318 2441 347 2494 et
368 2434 417 2494 ille
439 2451 564 2512 operum
586 2451 719 2494 summus
741 2431 833 2506 labor,
854 2431 913 2491 boe
932 2429 1027 2508 magis
1047 2437 1161 2534 angunt
1185 2440 1232 2492 545

191 2519 333 2599 proxima,
356 2537 412 2580 nec
433 2527 512 2580 rates
534 2526 578 2579 sat
598 2517 656 2579 iarn
678 2517 750 2578 mibi
772 2517 895 2597 blopsus
917 2523 946 2576 et
966 2509 1090 2576 ldmon.³

190 2602 240 2665 ille
262 2603 366 2664 ducem
389 2621 445 2665 nec
466 2604 544 2665 ferre
565 2621 669 2700 preces
691 2619 748 2664 nec
770 2602 867 2664 dicere
889 2619 994 2697 passus

190 2687 327 2767 amplius,
349 2688 399 2748 hie
420 2689 538 2749 demum
559 2688 645 2749 vittas
665 2688 841 2766 laurumque
864 2686 991 2765 capessit

191 2773 314 2833 numina
336 2781 405 2834 nota
428 2773 520 2834 ciens.
564 2780 664 2852 stupet
685 2772 810 2832 Aesonis
832 2770 932 2831 inclita
953 2768 1053 2847 proles

190 2856 302 2918 Phinea
324 2876 379 2918 ceu
402 2876 564 2937 numquam
586 2856 691 2936 poenis
713 2854 867 2951 nullaque.
875 2861 1024 2933 gravatum
1188 2863 1234 2915 550

190 2951 273 3022 peste
295 2942 387 3004 lovis:
410 2951 469 3004 tam
492 2943 592 3021 largus
613 2941 726 3015 honos,
748 2949 806 3000 tam
828 2939 902 3000 mira
924 2944 1059 2999 senectae

189 3026 325 3088 maiestas
347 3027 460 3132 inlpsa;
483 3027 567 3106 vigor
588 3045 682 3087 noms
704 3033 823 3086 auxerat
844 3031 936 3085 artus.

190 3119 255 3171 tum
277 3112 370 3172 canit:
391 3105 424 3172 ‘o
446 3120 540 3173 terras
561 3112 637 3172 lama
658 3118 782 3172 venture
803 3128 859 3190 per
879 3125 993 3183 omnes,

190 3215 279 3274 quem
301 3197 390 3258 sociis
412 3195 595 3276 ducibusque
617 3196 679 3258 deis
701 3196 796 3274 adque
818 3202 880 3255 arte
901 3192 1029 3270 benigna

190 3280 355 3341 Pallados'
347 3299 411 3360 ipse
433 3281 512 3343 rdtro
534 3281 630 3342 Pelias
652 3282 688 3344 ad
709 3281 805 3341 sidera
826 3278 912 3346 tollit
1188 3288 1233 3338 555

191 3366 323 3441 demens,
345 3366 416 3426 dum
438 3367 558 3446 profugi
580 3385 641 3428 non
663 3373 762 3445 sperat
781 3364 888 3425 vellera
910 3360 1021 3438 Phrixi,

190 3450 247 3510 lata
269 3450 411 3531 locosque
432 3451 495 3526 tibi,
518 3469 640 3532 possum
662 3468 736 3530 quas
757 3449 880 3509 reddere
901 3454 1009 3526 grntm,

96 3589 103 3601 .
191 3533 342 3614 expediam
364 3554 524 3615 rerumque
544 3536 605 3596 vias
626 3537 775 3614 finemque
797 3533 918 3593 docebo.

190 3621 254 3700 ipse
277 3620 373 3696 etiam,
396 3621 448 3700 qui
469 3641 516 3684 me
537 3620 675 3701 prohibet
696 3638 749 3680 sua
770 3618 899 3698 pandere
921 3616 1009 3678 terris

190 3704 322 3780 saecula,
345 3714 374 3767 te
396 3715 519 3786 propter
541 3705 622 3766 sandi
643 3703 716 3766 mibi
736 3703 872 3784 luppiter
893 3709 1004 3763 auctor.
1187 3707 1235 3758 560

85 3825 413 3882 7-—

171 3891 231 3942 525.
251 3903 381 3956 nunquam
400 3905 451 3941 non
468 3889 493 3940 J.
513 3887 555 3940 W.
