2780 4350
166 227 227 290 180

594 230 620 280 G.
638 228 755 280 vatent
772 227 884 280 renen

291 386 411 447 Talibus
432 383 571 444 attonitos
593 383 678 443 dictis
701 391 857 460 natamque
881 390 1054 461 patremque

248 471 358 548 linquit
379 477 408 530 et
429 469 517 528 infida
538 486 680 546 praeceps
703 467 871 546 prorumpit
892 467 928 527 ab
949 467 1024 528 aula.

248 564 278 617 at
298 555 411 634 trepida
434 561 463 614 et
482 553 595 614 medios
616 553 694 614 inter
715 553 828 613 desen
849 560 986 631 parentes

248 641 330 718 virgo
352 639 428 713 silet,
450 656 506 698 nec
526 638 582 698 fua
604 637 668 697 sete
689 655 804 698 servare
825 655 985 716 parumper

249 725 370 799 lumina,
393 741 448 784 nec
471 723 567 801 potuit
587 729 714 782 maestes
736 740 798 782 non
820 723 939 786 flectere
959 721 1072 795 ruftus;
1254 734 1299 784 105
1348 783 1351 792 ,

250 809 437 889 respexitque
458 807 537 868 feres
560 814 589 868 et
610 807 705 868 adhuc
727 806 839 868 invenit
860 814 997 878 eunten13

250 895 330 955 risus
352 901 381 955 et
402 894 461 954 heu
482 892 607 952 miserae
628 899 701 952 tunc
722 891 874 971 pulchrior
896 891 1004 969 hospes
1026 889 1137 950 amanti

251 979 421 1051 discedens3
443 977 515 1038 tales
537 994 665 1048 timeres,
688 995 721 1036 ea
742 984 823 1054 terga
845 975 994 1053 relinquit.

250 1064 299 1125 ilfa
322 1064 441 1124 (fornum
463 1062 558 1140 adque
579 1061 661 1140 ipsos
682 1061 803 1139 paulum
826 1061 986 1139 precedere
1006 1066 1107 1138 pestes

251 1156 341 1228 optat,
364 1156 394 1221 at
414 1147 550 1208 arcentes
571 1153 653 1206 tenet
673 1145 750 1206 intra
771 1145 871 1208 iimina
894 1161 1022 1224 gressus.
1248 1155 1292 1205 nt

251 1233 345 1312 qualis
367 1232 418 1294 ubi
441 1239 584 1294 extremas
605 1230 636 1290 10
659 1248 730 1309 vaga
751 1229 841 1290 sentit
861 1230 986 1290 hmenas

250 1318 366 1396 fertque
388 1317 537 1395 refertque
558 1315 672 1395 pedem,
694 1315 806 1376 tumide
828 1332 917 1392 quam
938 1313 1017 1391 cogit
1036 1311 1145 1391 Erinys

250 1402 294 1463 ire
315 1403 398 1474 mari,
419 1401 601 1478 Phariaeque
623 1408 729 1459 vacant
749 1408 830 1459 trans
851 1417 979 1477 aequora
999 1405 1124 1458 matress

251 1486 356 1546 circuit
377 1486 448 1545 haut
468 1484 552 1544 aliter
572 1482 746 1561 foribusque
767 1483 909 1562 inpendet
930 1482 1048 1562 apertis,

250 1589 288 1630 an
309 1569 414 1630 melior
435 1568 547 1646 Minyas
569 1575 686 1628 revocet
707 1575 805 1646 pater;
829 1586 940 1646 eraque
961 1585 1108 1645 queem

249 1654 375 1734 hospitis
398 1661 448 1714 aut
469 1652 532 1713 sele
554 1660 665 1713 maeret
687 1653 799 1713 defecta
820 1651 920 1727 nubib,

250 1746 300 1800 aut
321 1739 401 1800 venit
422 1739 452 1800 in
475 1757 558 1800 carae
580 1737 724 1817 gremium
745 1738 915 1816 refugitque
935 1736 1046 1806 seruus

249 1824 344 1902 adque
366 1823 447 1902 ioqui
471 1831 573 1884 cunata
595 1823 677 1896 silet;
699 1839 864 1900 rursusque
884 1821 1026 1883 recedens

251 1909 380 1987 quaerit,
402 1917 436 1968 ut
459 1908 560 1968 heaeis
582 1908 692 1986 hospes
714 1906 881 1967 consederit
902 1906 965 1966 nris

250 1993 388 2065 Phrixus
411 2001 442 2054 ut
464 1992 566 2070 aligeri
589 1991 692 2055 circen
715 2009 840 2070 rapuere
861 1991 1014 2051 dracones.

249 2084 313 2136 turn
335 2075 476 2136 comitum
498 2076 562 2134 visu
584 2075 694 2136 fruitur
714 2076 880 2136 miseranda
900 2093 1022 2138 suarum

249 2160 417 2239 inplerique
438 2159 556 2238 nequit3
579 2159 738 2238 subitoque
758 2160 929 2240 perentibus
949 2161 1051 2224 haeret

249 2245 384 2306 blandior
406 2251 435 2305 et
456 2244 567 2324 patriae
588 2244 757 2306 circumfert
778 2245 878 2305 escula
901 2244 1026 2306 dextrae.

248 2331 292 2392 sic
313 2331 432 2391 adsueta
453 2329 526 2391 teris
549 2337 578 2390 et
597 2349 717 2391 mensae
738 2329 834 2390 dulcis
856 2329 931 2403 erili,

249 2434 335 2494 aegra
357 2433 432 2474 nova
453 2415 510 2475 iam
532 2423 614 2494 peste
636 2415 717 2476 cauis
738 2415 877 2493 rabieque
898 2415 1007 2488 futura,

248 2506 316 2559 ante
336 2499 438 2577 fugant
457 2507 536 2558 totus
556 2499 661 2562 lustrat
682 2500 867 2577 queribunda
886 2506 1017 2578 penates.

248 2582 365 2642 tandein
387 2582 474 2642 etiarn
496 2581 578 2642 molli
600 2600 665 2642 sese
687 2583 777 2644 semel
799 2583 932 2663 increpat
952 2585 1004 2647 ira.

245 2659 377 2746 ‘pergis’
401 2665 440 2726 ait
457 2659 601 2738 ‘demens
624 2673 712 2744 teque
733 2665 813 2727 iilius
835 2669 916 2746 aegit
937 2668 1031 2746 imago

248 2769 387 2831 curaque,
411 2751 464 2832 qui
483 2751 609 2831 profuga
629 2752 731 2814 fcrsu
752 2760 832 2814 tenet
853 2753 911 2813 alte
931 2752 1039 2826 carina,

206 2897 210 2903 .
247 2837 358 2916 quique
378 2856 478 2899 matun
498 2837 609 2916 patrias
628 2837 736 2904 referet
757 2856 812 2898 nec
834 2855 943 2898 nornen
965 2837 1002 2898 ad
1022 2832 1135 2898 urbes?
1243 2843 1282 2894 tet

247 2922 318 3000 quid
339 2940 387 2989 nte
407 2930 506 2983 autem
527 2923 571 2982 sic
591 2922 641 2981 ille
662 2930 767 2996 moret,
790 2930 949 3001 superetne
970 2921 1096 2994 meres

247 3025 284 3066 an
304 3007 386 3068 cadat
408 3015 436 3068 et
456 3013 539 3066 tanta
560 3005 696 3066 turbetur
717 3007 837 3067 Graecia
858 3004 963 3067 luctu?

246 3090 358 3166 saltem,
378 3090 436 3151 feta
457 3090 552 3149 rirurn
574 3090 599 3150 si
621 3090 678 3150 iam
700 3109 837 3170 suprema
858 3091 1000 3162 ferebant,

247 3175 346 3236 iussus
367 3175 403 3236 ad
424 3174 543 3252 ignotas
563 3173 662 3253 potius
683 3175 761 3237 feret
781 3176 824 3236 ire
845 3175 1006 3255 tyrannosf

247 3258 398 3320 outinam
419 3267 454 3322 ut
473 3255 590 3320 tandem
612 3275 673 3320 nen
696 3260 750 3322 hac
771 3269 937 3322 moreretur
958 3261 990 3320 in
1012 3258 1105 3320 urhe}
1240 3269 1282 3320 1³5

246 3362 373 3422 namque
394 3353 423 3406 et
444 3344 558 3405 sidereo
581 3344 675 3405 nestri
697 3345 733 3406 de
755 3345 899 3424 sanguine
920 3345 1021 3406 Phrixi

245 3427 362 3503 (ficitur,
385 3437 414 3490 et
434 3447 531 3490 mmm
552 3429 608 3490 vidi
631 3429 793 3492 indoluisse
815 3448 963 3504 sororem

245 3531 336 3594 seque
358 3513 398 3574 ait
418 3514 470 3574 has
493 3514 582 3574 iussis
603 3522 700 3576 actum
721 3516 812 3576 miser
834 3514 876 3574 ire
897 3533 952 3592 per
974 3513 1078 3576 undas.

245 3606 274 3658 at
295 3597 393 3659 redeat
414 3615 603 3676 quecumque
622 3597 720 3674 mode,
743 3617 850 3677 meque
872 3599 926 3660 ista
948 3600 1064 3678 precari

164 3733 468 3755 W

233 3802 287 3850 110.
306 3803 331 3850 et
349 3815 377 3862 π,
394 3803 421 3850 at
440 3797 509 3852 Bur.
593 3801 654 3851 135:
668 3803 693 3850 et
709 3815 738 3863 n,
756 3803 785 3850 ut
803 3797 876 3858 Scin
895 3814 910 3850 ο
928 3799 1024 3850 utinam
1042 3798 1133 3852 saltem
1151 3795 1233 3850 nost.

233 3869 287 3918 tae.
304 3866 406 3917 umbras
421 3883 451 3930 π,
468 3863 548 3916 undas
564 3865 588 3915 J.
606 3869 645 3920 Ρῑ.
