2780 4350
588 196 616 250 G.
635 192 757 248 utinm
773 194 883 250 reduci

253 354 334 416 nulla
356 352 442 432 quies
463 351 572 424 animo,
595 349 697 412 nullus
718 367 818 427 sopor,
841 349 920 410 arido
943 393 950 410 .
974 396 981 410 .
1007 393 1013 410 .

253 457 361 518 quaere
383 436 467 497 melis
490 435 599 500 uostris
622 434 756 512 requiem
775 441 964 511 mentemque
981 453 1103 514 repone,
1241 451 1274 501 245

253 523 342 584 redde
363 522 440 584 diem
462 528 639 598 noctemque
660 519 749 591 milri,
770 519 972 597 deprendere
994 529 1087 582 vestes

253 606 427 670 somniferas
448 606 562 684 istaque
583 603 686 666 oculos
707 622 878 682 conponere
899 603 987 680 virge.

252 701 285 754 tu
307 710 427 770 quoque
449 691 502 763 nil,
523 697 625 763 enter,
649 689 756 767 prodes
778 688 865 761 milri;
887 688 992 750 sortior
1013 697 1081 750 ante

252 778 314 838 sola
335 776 388 836 fui.
431 774 529 836 tristes
551 774 694 836 Menios
715 774 879 851 infestoque
900 791 990 834 cerno

254 861 362 935 omnia,
384 859 518 939 vipereos
541 858 598 937 ipsi
620 858 674 920 dot
695 875 817 936 surgere
840 853 956 920 ortom'

252 947 320 1007 talia
341 945 428 1006 verbe
449 943 536 1006 debet
556 943 755 1020 conlapsoque
776 942 864 1004 dehet
885 943 1003 1020 iniquae

251 1032 283 1093 in
306 1030 429 1090 Veneris
450 1028 552 1090 Medea
573 1027 657 1090 sinus
678 1036 851 1106 pestemque
872 1027 1011 1090 latentem

252 1114 369 1176 ossibus
391 1114 487 1192 adque
508 1112 559 1176 iuni
581 1112 762 1174 monstrelet
782 1112 911 1190 pectoris
932 1112 1039 1188 ignem.

296 1199 430 1279 Occupet
449 1198 585 1278 amplexu
608 1196 709 1260 Venus
731 1204 760 1258 et
779 1196 895 1258 furialia
916 1196 979 1274 figit

252 1284 353 1345 osculo
375 1283 612 1363 permixtumque
634 1281 709 1343 odiis
732 1281 857 1362 inspirat
878 1299 1016 1344 amorem

252 1369 382 1446 dumque
404 1369 483 1428 illem
504 1367 591 1429 variis
613 1374 792 1428 moerentem
813 1365 935 1427 vocibus
956 1368 1045 1428 ernbit

252 1453 343 1530 inque
364 1452 421 1511 olio
444 1469 579 1512 sermone
601 1457 691 1522 tenet,
709 1447 797 1527 ‘quio
819 1445 885 1512 hoc'
907 1450 947 1512 eit
964 1447 1045 1514 ‘audi

251 1537 347 1614 adque
367 1535 467 1598 attolle
489 1528 598 1614 genus,³
621 1533 807 1612 lacrimisque
829 1535 903 1596 heec
924 1536 988 1598 infit
1009 1537 1137 1600 obortis:

250 1614 332 1682 ‘cum
354 1620 426 1684 levis
447 1640 464 1681 e
485 1619 602 1698 superis
624 1619 660 1679 ed
682 1626 710 1679 te
731 1619 818 1680 modo
840 1618 956 1681 laberer
976 1622 1066 1695 euris,

250 1706 328 1766 forte
349 1713 441 1768 retem
462 1705 558 1784 primo
580 1703 742 1783 lugientem
764 1703 850 1766 litore
873 1723 972 1780 cerno,

252 1790 369 1869 qualem
391 1798 492 1852 nostre
513 1808 568 1850 suo
591 1807 753 1867 numquam
775 1788 919 1850 dimittere
945 1786 1053 1868 portu'

251 1874 338 1935 vellet
359 1875 455 1938 adhuc
476 1892 581 1938 omnes
602 1892 677 1952 quae
699 1873 809 1936 detinet
830 1873 928 1934 insule
949 1883 1062 1936 nonme

252 1978 332 2024 unus
353 1958 394 2022 ihi
416 1966 484 2022 ente
505 1958 578 2020 elios
599 1958 652 2036 qui
673 1965 736 2020 tum
757 1957 830 2020 mihi
852 1958 1006 2036 pulchrior
1027 1958 1125 2020 omnis

252 2043 333 2102 visus
357 2049 419 2104 erat
440 2042 600 2120 (longeque
621 2042 727 2104 ducem
747 2042 875 2104 nriroirm
896 2050 927 2105 et
945 2045 1019 2124 ipm)

252 2125 374 2200 advolet,
396 2125 493 2204 adque
514 2144 603 2189 unum
625 2125 767 2188 comitum
787 2135 869 2189 retus
890 2147 955 2190 esse
976 2137 1093 2191 tuorum
1239 2138 1277 2188 tor

249 2203 317 2292 ‘per
338 2210 391 2271 tihi
413 2203 515 2289 siquis’
538 2210 579 2272 eit
595 2206 745 2274 ‘morituri
766 2211 903 2290 protinus
924 2214 1040 2287 horror,

253 2305 282 2358 et
303 2313 392 2376 quem
414 2314 475 2358 non
497 2295 610 2358 meritis
632 2295 729 2357 videas
751 2314 909 2358 occurrere
930 2298 1081 2372 monstris,

251 2381 325 2443 lreec
346 2399 462 2460 precor,
484 2381 557 2444 hoec
579 2380 713 2444 dominae
734 2381 846 2444 reseres
866 2382 904 2442 ad
925 2381 1048 2461 virginis
1069 2401 1186 2457 ernem3

252 2473 284 2526 tu
306 2465 393 2527 dctus
413 2465 537 2528 ostende
558 2483 656 2536 meos;
678 2465 721 2526 illi
741 2465 794 2526 hos
816 2461 871 2543 ego
892 2485 988 2541 rocos,

252 2567 312 2628 qua
332 2548 428 2621 uum,
450 2549 562 2625 hosque
584 2566 699 2621 monus,
721 2555 754 2610 ut
775 2568 908 2628 possum,
930 2571 947 2612 a
968 2551 1054 2612 litore
1075 2553 1175 2614 tendo.
1242 2561 1281 2612 tro

253 2633 344 2712 ipsse,
367 2649 440 2710 ques
461 2649 578 2694 mecum
599 2650 653 2710 per
674 2632 754 2695 mille
776 2633 908 2714 pericula
929 2635 1017 2710 traxi,

253 2716 387 2778 defecere
410 2716 495 2791 deee3
518 2735 587 2796 spes
608 2725 637 2778 et
659 2716 703 2780 vio
724 2719 787 2780 solo
808 2719 921 2794 solutis,

252 2820 340 2880 quarn
363 2801 485 2876 dederit,
507 2801 532 2862 si
551 2802 628 2866 sorte
650 2802 737 2866 debit.
782 2823 821 2865 ue
841 2811 906 2866 rota
927 2804 1060 2883 repellet,

254 2906 292 2948 ne
313 2904 393 2960 metu
415 2894 517 2964 totque
539 2888 660 2962 eninres,
683 2888 777 2967 qualis
800 2907 855 2951 nec
877 2889 982 2950 viderit
1002 2890 1089 2962 ultra,

253 2970 310 3044 dic,
332 2988 449 3049 precor,
472 2969 580 3032 annito
601 2971 680 3032 iuvet
701 2973 795 3052 adque
817 2973 890 3036 hoec
912 2973 1033 3034 nomina
1053 2982 1160 3036 servet.
1243 2983 1282 3034 tte

194 3061 241 3118 &t
256 3053 282 3115 ei
304 3053 387 3128 mihi,
409 3053 490 3131 quod
510 3053 607 3116 nullos
628 3055 676 3115 hic
698 3075 821 3136 posenno
842 3059 975 3120 exolvere
997 3059 1110 3137 gretesl

252 3145 281 3199 et
302 3145 399 3202 tamen
422 3138 479 3200 hoc
501 3156 583 3202 saeve
606 3157 715 3219 corpus
737 3142 773 3204 de
794 3151 889 3204 morte
912 3151 1074 3222 receptum,

252 3221 328 3286 hanc
350 3223 477 3288 enimam
499 3221 571 3286 sciet
593 3242 657 3286 esse
679 3244 770 3288 suem.
814 3227 1002 3290 miserebitur
1023 3225 1117 3307 ergo?

235 3491 293 3542 244.
313 3488 439 3539 lacunam
456 3490 625 3554 significae&
643 3492 712 3543 eride
730 3495 836 3545 mentiri
853 3495 941 3557 (menti
960 3512 994 3545 ee
1010 3498 1147 3562 superiori
1164 3511 1239 3546 verm

168 3561 263 3614 terrim
280 3558 422 3635 repetito),
439 3556 516 3608 ardue
533 3558 626 3610 omenti
645 3558 672 3623 C,
697 3559 766 3614 ende
782 3562 895 3613 membre
916 3561 980 3622 ΤΙι.;
998 3579 1034 3613 on
1051 3564 1120 3616 eride
1136 3563 1239 3634 dogunt

234 3626 293 3681 idi.
310 3637 420 3690 ipsoque
437 3641 467 3688 π,
484 3624 584 3690 isteque
601 3626 647 3680 Pl.
668 3625 710 3680 W.
729 3631 810 3693 (ortt,
827 3628 879 3690 cfr.
897 3633 956 3696 452,
974 3633 1034 3695 sot,
1051 3631 1110 3696 Vlll,
1130 3633 1189 3685 398.

167 3692 227 3744 260.
244 3691 376 3758 trientem
392 3709 421 3758 n,
437 3693 576 3760 lugientem
594 3695 670 3748 codd.
688 3696 792 3762 aliquot
808 3713 875 3749 roeo.
894 3698 953 3757 XV;
971 3697 1111 3764 fulgentem
1129 3699 1174 3751 lie.

166 3760 224 3811 tte.
244 3773 310 3814 nunc
327 3774 383 3816 tuce
401 3759 462 3812 Sao.
478 3788 508 3800 -·
527 3767 589 3826 pore
605 3764 655 3816 275
672 3770 799 3816 evomitur·
818 3768 847 3816 in
866 3765 941 3816 codd.
960 3767 1081 3818 omninno
1098 3783 1138 3818 ro.
1156 3770 1240 3820 28⁴·-

167 3827 234 3890 tur,
260 3843 325 3890 quor
346 3825 392 3877 rt.
410 3835 470 3893 port
488 3830 537 3881 283
563 3835 733 3895 transposuit.
787 3834 843 3884 27¹1.
862 3837 890 3882 ut
907 3839 990 3884 tumen
1008 3849 1036 3897 rr,
1053 3840 1080 3886 tt
1097 3835 1222 3888 umere.
