2792 4340
482 167 738 222 ARGONAVTlGON
755 167 849 222 LIBER
865 170 902 222 lll.

210 359 281 403 cura
301 339 387 400 viam
431 339 555 400 memori
577 339 770 419 iampridem
793 341 909 418 cognita
934 350 1033 403 mente

209 433 254 489 est
274 425 381 506 procul
403 425 440 486 ad
462 425 578 504 Stygiae
600 424 706 485 devexa
728 424 844 486 silentia
866 427 962 487 noctis

210 509 399 573 Cimmerium
422 509 527 570 domus
550 515 579 570 et
600 510 717 589 superis
739 508 889 590 incognita
911 511 1008 587 tellus,

208 597 344 658 caeruleo
366 593 524 656 tenebrosa
544 594 613 670 situ,
636 612 696 672 quo
717 595 850 656 flammea
871 613 1033 675 numquam

208 683 261 743 Sol
281 681 350 760 iuga
371 680 503 741 sidereos
525 699 581 741 nec
602 679 691 740 mittit
712 679 846 760 luppiter
866 699 970 742 annos.

208 774 287 828 stant
308 765 411 826 tacitae
432 765 554 826 frondes
576 763 755 843 immotaque
777 765 847 826 silva
870 767 997 827 comanti

207 852 309 912 horret
330 869 419 911 verna
441 849 528 928 iugo;
550 866 658 928 specus
680 849 911 929 umbrarumque
934 859 1047 913 meatus

208 935 311 997 subter
331 943 361 995 et
384 935 493 997 Oceani
516 952 658 1014 praeceps
679 935 781 1012 fragor
801 953 927 1014 arvaque
950 938 1035 1015 nigro

207 1029 286 1082 rasta
307 1028 388 1080 metu
411 1027 439 1080 et
462 1019 575 1080 subitae
597 1027 665 1099 post
685 1019 773 1097 longa
795 1019 911 1081 silentia
932 1039 1028 1083 voces.

207 1106 318 1168 ensifer
339 1105 387 1165 hic
407 1111 529 1184 atraque
551 1104 656 1164 sedens
678 1103 709 1164 in
731 1113 809 1165 veste
833 1105 992 1167 Celaeneus

207 1190 344 1252 insontes
364 1207 466 1250 errore
487 1189 542 1250 luit
564 1189 741 1267 culpamque
765 1189 917 1250 remittens

207 1275 336 1336 carmina
357 1274 490 1335 turbatos
512 1273 599 1334 volvit
621 1272 764 1353 placantia
779 1291 891 1334 manes.

196 1361 256 1440 ,ille
278 1359 349 1420 mibi
372 1377 447 1437 quae
470 1359 564 1420 danda
585 1359 683 1418 forent
705 1358 878 1420 lustramina
901 1359 993 1420 caesis

205 1444 344 1525 prodidit,
367 1444 417 1505 ille
438 1444 541 1504 volens
562 1443 693 1503 Erebum
713 1451 867 1522 terrasque
889 1445 1002 1504 retexit.

206 1548 278 1608 ergo
300 1527 351 1590 ubi
373 1528 515 1609 puniceas
537 1528 823 1590 oriens·ascenderit
845 1529 949 1603 undas,

208 1623 241 1675 tu
255 1614 361 1674 socios
383 1612 522 1675 adbibere
544 1613 635 1674 sacris
657 1621 848 1692 armentaque
869 1613 983 1693 magnis

206 1699 285 1760 bima
307 1698 386 1774 dcis3
408 1714 456 1758 me
479 1698 535 1760 iam
558 1705 660 1758 coetus
682 1698 821 1758 accedere
842 1707 955 1758 vestros

204 1785 276 1845 haut
297 1785 341 1844 las
361 1783 485 1866 interea,
508 1783 603 1844 donec
624 1782 756 1842 lustralia
778 1799 892 1861 pernox

205 1877 272 1929 rota
292 1869 366 1928 lero.
410 1876 508 1928 movet
530 1887 567 1928 en
590 1866 701 1946 gelidos
724 1866 846 1928 Latonia
868 1885 984 1926 currus.

205 1955 290 2015 llecte
312 1954 445 2032 gradum,
468 1952 590 2032 placidis
612 1951 717 2013 sileant
739 1971 791 2030 age
813 1951 899 2012 litora
922 1946 1053 2030 coeptis.³

248 2039 368 2116 lamque
390 2055 482 2116 sopor
503 2037 607 2098 mediis
628 2037 765 2098 tellurem
787 2044 935 2116 presserat
956 2037 1039 2098 boris

207 2132 235 2184 et
257 2123 370 2184 circum
391 2123 480 2183 tacito
501 2121 660 2183 volitabant
682 2122 796 2182 somnia
817 2122 946 2195 mundo,

206 2227 274 2270 cum
296 2208 365 2287 vigil
387 2207 486 2268 arcani
508 2207 678 2288 speculatus
700 2215 833 2286 tempora
856 2206 931 2267 sacri

206 2293 381 2372 Ampycides
403 2292 477 2372 petit
497 2291 625 2353 adversis
648 2292 772 2371 Aesepia
793 2291 873 2352 silvis

205 2378 328 2439 flumina
350 2385 379 2438 et
400 2379 562 2455 aequoreas
584 2375 694 2455 pariter
717 2375 847 2437 decurrit
869 2375 905 2436 ad
927 2375 1032 2435 undas.

205 2463 255 2524 hic
276 2463 336 2523 sale
358 2471 510 2541 purpureo
533 2461 655 2539 vlvaque
678 2459 800 2522 nitentia
821 2459 940 2539 lympha

205 2547 337 2608 membra
359 2555 446 2608 norat
468 2565 559 2625 seque
581 2545 728 2607 horrificis
750 2543 950 2627 accommodat
973 2545 1054 2606 actis.

205 2640 339 2712 tempora
361 2639 424 2692 tum
445 2631 523 2692 vittis
546 2639 575 2692 et
596 2630 731 2711 supplice
754 2631 851 2691 castus
875 2629 949 2691 oliva

207 2717 330 2796 inplicat
351 2724 380 2776 et
401 2716 503 2776 stricto
527 2716 660 2794 designat
682 2716 767 2776 litora
789 2717 884 2776 lerro:

207 2802 319 2862 circum
340 2800 469 2862 humiles
490 2817 554 2860 aras
577 2800 735 2878 ignotaque
757 2797 876 2859 domina
900 2799 998 2859 dirum

206 2887 334 2947 instituit
356 2886 485 2964 silvaque
508 2903 598 2963 super
621 2884 774 2945 contristat
796 2901 895 2962 opaca.

208 2979 300 3049 utque
322 2979 432 3031 metum
455 2988 627 3048 numenque
650 2970 715 3030 loco
739 2985 911 3048 sacramque
934 2968 1062 3047 quietem

206 3055 324 3128 addidit,
348 3055 461 3117 ardenti
485 3055 611 3116 nitidum
633 3054 719 3114 iubar
741 3061 840 3116 evo'cat
862 3054 930 3114 alto.

249 3141 354 3218 Adque
377 3142 473 3219 Argoa
494 3157 600 3200 manus
621 3139 708 3200 variis
731 3137 857 3218 insignis
880 3138 911 3198 in
934 3137 1022 3198 armis

205 3224 265 3310 ibat
286 3243 377 3304 agens
398 3226 488 3286 lectas
509 3223 610 3285 aurata
631 3224 728 3284 lrcnt'e
750 3221 894 3285 bidentes.

206 3304 308 3370 Delius
330 3310 378 3370 bic
400 3308 489 3388 longe
511 3310 647 3371 candenti
670 3315 749 3370 veste
771 3308 907 3369 sacerdos

205 3395 336 3454 occurrit
357 3403 499 3472 ramoque
522 3401 623 3455 novat:
648 3395 765 3472 iamque
787 3393 851 3472 ipse
873 3393 989 3453 recenti

204 3486 261 3539 stat
282 3478 397 3540 tumulo
420 3479 533 3558 placida
554 3479 756 3540 transmittens
779 3476 895 3556 agmina
917 3479 1017 3538 lauro:

205 3563 286 3624 ducit
308 3572 336 3626 et
358 3564 394 3624 ad
415 3564 520 3626 fluvios
542 3583 575 3624 ac
597 3564 713 3624 vincula
736 3563 848 3624 solvere
870 3569 1015 3623 monstrat
1206 3573 1251 3623 435

190 3698 249 3748 aot.
268 3697 321 3748 nati
338 3714 368 3762 π,
385 3702 470 3750 mente
487 3694 536 3751 Be.
554 3699 640 3762 (idoli
660 3696 759 3748 menti?
828 3695 886 3748 403.
898 3696 999 3746 Averna
1017 3694 1063 3744 He.
1140 3696 1197 3746 411,

124 3763 352 3886 {bovealdecrlltpw'
422 3767 481 3818 413.
501 3765 559 3816 bina
577 3782 612 3829 π,
631 3765 695 3816 bima
721 3765 757 3815 Pi.
777 3763 837 3826 (cfr.
862 3766 930 3826 431).
1002 3763 1060 3815 433.
1079 3769 1154 3814 vocat
1171 3781 1200 3828 π,
