2764 4340
554 171 581 221 G.
599 173 717 228 VALERl
735 179 847 232 FLAGGl

227 325 306 381 stam
326 325 440 418 blinyae
463 336 629 421 dellentque
652 351 734 411 nelas
756 359 786 413 et
807 353 938 433 cuspidis
960 354 1037 414 ictus

227 403 370 497 desertae
392 424 560 502 sortemque
584 429 667 492 ducis
690 436 824 497 solantur
845 439 989 500 acerbam.
1228 449 1282 498 285

226 485 276 546 ille
298 490 349 550 ubi
371 513 527 568 concretos
549 512 653 593 pingui
675 519 734 581 iarn
756 525 901 602 sanguine
923 524 1022 584 crines

224 570 428 657 pallentesque
451 605 541 665 genas
563 596 746 684 infractaque
767 615 887 686 pectore
909 626 977 669 caro

224 653 281 748 1010
303 676 400 753 00000
422 668 580 742 hesternos
602 691 720 764 agnovit
741 693 772 752 in
794 693 910 772 hospite
933 693 1042 767 uultus

221 752 346 840 Jssgeffilt
367 757 456 828 alque
479 771 561 828 artus
583 770 661 833 latur
683 777 847 856 conplexus
869 778 995 839 amicos:

234 828 261 882 te
283 830 382 892 13111θῦ
404 835 544 916 iguarum
565 859 648 934 tanti,
673 861 849 936 miserande,
871 863 981 924 luroris
1228 871 1282 922 290

222 923 281 967 11⁰²<
302 908 391 1008 babet
413 931 442 983 et
465 934 550 997 nullo
572 948 727 1008 testantem
749 949 868 1010 foedera
889 955 1028 1026 questus

221 997 250 1052 01
270 995 531 1098 10110100000000
552 1029 632 1090 venit
653 1032 747 1094 iubar.
791 1033 848 1094 heu
871 1033 980 1112 quibus
1002 1033 1106 1093 adsum

221 1075 414 1182 ⁰⁰¹il⁰q¹l¹rsl
438 1102 487 1163 cui
509 1127 557 1172 ure
578 1113 707 1198 hospitio
730 1121 861 1181 Fortuna
882 1115 1013 1178 revexit?

221 1167 394 1265 0111030000
417 1199 483 1248 mea
506 1195 583 1271 (latis
605 1202 635 1265 id
657 1205 750 1266 deluit
771 1206 875 1280 unum)

221 1265 337 1328 speram
360 1266 389 1323 te
411 1285 501 1346 Posse
524 1286 637 1348 manu?
659 1290 764 1352 talisne
786 1289 892 1368 reliqui
1229 1295 1280 1345 295

222 1335 275 1396 has
298 1355 364 1418 ⁰3⁰·
389 1355 493 1436 amice,
518 1368 645 1434 domos?
668 1377 748 1454 quod
770 1377 794 1436 si
816 1375 874 1436 iam
894 1371 971 1434 bella
992 1370 1163 1446 manebant,

223 1427 253 1484 et
273 1420 417 1500 placitum
439 1442 498 1508 hoc
521 1459 647 1535 superis,
670 1479 770 1522 nonne
792 1461 865 1521 baec
885 1476 950 1519 mea
972 1455 1079 1516 iustius
1101 1462 1203 1516 essent

223 1507 330 1574 sunem
352 1536 461 1605 meque
483 1541 554 1601 tuus
572 1550 671 1624 potius
693 1565 774 1606 nunc
795 1546 948 1627 plangeret
970 1538 1077 1602 error?

224 1613 280 1658 000
304 1597 393 1669 Clarii
416 1633 499 1682 nuno
520 1635 604 1690 antra
625 1631 671 1692 dci
694 1649 881 1710 quercusque
903 1626 1032 1689 tonantis

224 1694 406 1762 arguerem?
429 1705 541 1774 talesne
563 1715 656 1791 acies,
679 1717 791 1778 talesne
812 1712 990 1807 triumphos¹
1228 1717 1279 1768 300

226 1777 306 1871 sorte
329 1776 461 1852 dabant?
485 1804 658 1881 tantumque
682 1803 763 1863 nefas
785 1818 869 1862 mens
892 1815 1010 1858 conscia
1032 1801 1129 1857 ratum

227 1865 388 1947 ⁰⁰¹¹t¹⁰¹¹ii2
412 1881 523 1956 patriae
548 1887 668 1948 exitium
692 1885 810 1948 crudele
833 1890 991 1978 senectae·

229 1951 259 2007 θῑ
279 1953 323 2009 tat
345 1962 451 2024 acerba
474 1973 601 2032 caneusl
624 1972 683 2032 beu
706 1971 778 2031 divis
800 1970 860 2030 visa
882 1967 1009 2029 sinistris

229 2048 322 2112 168111
343 2043 433 2108 mihil
457 2054 578 2130 quinam
600 2053 734 2117 reditus?
757 2073 831 2132 quae
854 2073 901 2114 me
922 2051 1039 2130 hospita
1062 2047 1150 2109 tellus

229 2118 377 2200 accipiet?
400 2151 476 2213 0000
498 2159 559 2201 non
582 2141 686 2221 primis
707 2138 875 2220 prohibebit
896 2133 1038 2198 harenis?
1230 2143 1280 2194 300

230 2203 361 2274 invidere
383 2217 439 2298 dei,
463 2243 501 2287 ne
522 2226 656 2288 Phasidis
678 2244 744 2288 arva
766 2224 871 2286 remoti
990 2305 995 2316 1

230 2298 260 2352 et
280 2292 433 2378 Scythicas
454 2312 613 2392 populatus
636 2331 708 2392 opes
730 2311 802 2371 haec
824 2325 929 2369 rursus
951 2305 1062 2366 adirem

230 2376 326 2458 litora,
350 2407 423 2455 00νο
445 2403 512 2459 tuos
534 2397 608 2460 irem
630 2405 702 2458 tunc
724 2396 804 2456 ultor
825 2394 856 2455 in
878 2393 988 2452 hostes.

230 2464 274 2524 sas
297 2475 395 2536 amen
419 2489 463 2540 est
485 2484 620 2543 conferre
642 2500 742 2560 genas,
764 2480 808 2539 las
831 2479 954 2555 iungere
976 2483 1076 2536 tecum

230 2559 351 2628 pectora
374 2569 403 2621 et
424 2583 572 2644 exangues
593 2566 717 2626 miscere
739 2562 921 2642 amplexibus
943 2567 1033 2621 artus.
1232 2567 1282 2617 ato

231 2653 282 2696 vos
304 2657 358 2718 age
379 2646 517 2712 funereas
539 2651 574 2712 ad
596 2649 682 2710 litora
704 2648 808 2708 volvite
830 2646 917 2707 silvas

231 2728 260 2780 et
281 2726 379 2790 socios
401 2732 521 2798 lustrate
543 2753 648 2815 rogos3
671 2735 736 2795 date
759 2731 855 2794 debita
877 2730 984 2833 caesis,

231 2823 365 2891 munera,
388 2837 463 2896 quae
486 2831 587 2883 nostro
609 2820 738 2880 ausisset
761 2818 882 2898 Cyzicus
904 2832 976 2912 igni.

274 2894 360 2962 Parte
381 2904 436 2966 alia
459 2906 532 2968 Clite
553 2908 665 2968 laceras
688 2921 779 2984 super
801 2921 853 2963 ora
874 2907 971 2995 manta

230 2979 296 3041 lusa
318 3003 416 3049 comas
438 2992 545 3052 misera
567 2991 598 3050 in
620 2989 757 3069 planctus
778 2995 861 3048 vocat
882 3003 997 3081 agmina
1019 2990 1147 3078 matrum
1234 2993 1284 3042 315

230 3064 309 3126 latur
331 3079 361 3131 et
381 3072 468 3136 haec:
489 3069 606 3156 ‘primis
629 3074 761 3135 coniunx
784 3080 903 3151 ereptus
925 3089 956 3166 m
980 3086 1065 3128 annis

232 3162 337 3215 cuncta
360 3159 466 3233 trabis;
491 3160 617 3222 necdum
640 3157 759 3218 suboles
781 3175 837 3217 nec
860 3155 963 3251 gapdra
986 3154 1021 3214 de
1042 3160 1072 3213 te

231 3235 293 3296 nlla
314 3240 396 3318 mibi,
420 3245 487 3322 quis
508 3252 618 3307 maesta
640 3251 707 3304 tuos
730 3260 821 3315 nunc,
844 3247 965 3320 optime,
988 3255 1073 3298 casus

233 3332 405 3402 perpeterer
426 3330 508 3390 tenui
530 3330 643 3391 luctum
666 3326 808 3388 solamine
829 3325 944 3419 fallens
1255 3426 1258 3433 Ι

234 3407 388 3487 Mygdonis
409 3431 488 3476 arma
511 3423 623 3494 patrem
645 3413 820 3490 funestaque
849 3409 962 3490 proelia
984 3423 1081 3487 nuper
1235 3414 1283 3465 azo

219 3649 277 3701 292.
295 3645 405 3698 iuuarint
424 3649 482 3710 Vr,
500 3649 572 3700 iubar
589 3663 620 3700 en
641 3645 683 3712 Μ,
701 3645 774 3697 iubar
792 3643 841 3696 beu
863 3641 910 3722 Tb.
987 3642 1047 3692 294.
1066 3638 1149 3690 fatisia
1169 3636 1230 3716 Vll,

149 3715 208 3768 latis
224 3717 274 3768 ianr
292 3715 353 3778 Pan,
376 3715 435 3768 latis
452 3716 478 3768 id
496 3715 544 3772 Be.
613 3718 673 3769 295.
691 3713 783 3764 talisve
800 3728 835 3774 π,
859 3711 994 3777 101000οχ.
1066 3709 1125 3773 298.
1144 3709 1230 3788 polrus

152 3785 347 3850 0,(0000110
366 3786 390 3834 P
402 3787 519 3852 epatium
539 3789 597 3836 coto
617 3784 788 3845 litterarum).
866 3782 924 3831 art.
943 3792 1000 3843 sqq.
1020 3776 1094 3826 10000
1112 3780 1144 3826 ut
1160 3773 1231 3824 orda·

153 3860 198 3905 tur
214 3849 393 3918 imperfectus.
