2764 4340
384 745 419 840 c.
448 745 660 842 iunoni
688 746 887 842 idonci

296 920 972 1042 nuuoultuicou

440 1117 601 1184 LIBER
623 1117 825 1184 PRIMVS.
918 1187 923 1196 x

530 1289 734 1298 -u———n-—n—

179 1383 292 1500 Prima
314 1439 401 1500 deum
422 1439 537 1520 magnis
560 1441 693 1501 canimus
715 1441 788 1502 freta
811 1441 910 1520 pervia
931 1440 1007 1501 natis

177 1521 383 1603 fatidicamque
405 1533 506 1599 ratem,
530 1525 658 1604 Scythici
680 1545 755 1606 quae
777 1525 910 1586 Phasidis
933 1543 999 1586 oras

178 1627 248 1670 ausa
270 1608 355 1688 sequi
376 1610 548 1689 mediosque
570 1611 648 1672 inter
670 1611 738 1689 iuga
760 1611 876 1672 concita
897 1629 1003 1672 cursus

180 1712 329 1773 rumpere,
352 1695 525 1756 flammifero
548 1697 665 1757 tandem
688 1695 821 1756 consedit
844 1695 980 1776 Olympo.

263 1778 391 1854 Phoebe,
414 1799 512 1854 mone,
536 1781 560 1840 si
584 1781 723 1860 Cymaeae
745 1779 817 1840 mihi
840 1781 959 1840 conscia
980 1781 1052 1840 vatis
1198 1790 1212 1836 5

177 1871 234 1924 stat
256 1871 334 1924 casta
356 1865 470 1925 cortina
492 1866 589 1940 domo,
612 1865 637 1925 si
660 1866 758 1925 laurea
780 1863 868 1942 digna

178 1947 276 2009 fronte
298 1950 380 2009 viret
426 1959 568 2029 tnque0‚
591 1949 687 2030 pelagi
709 1950 758 2010 cui
779 1949 874 2009 maior
895 1949 988 2028 aperti
1061 2001 1063 2006 .

177 2033 263 2106 lama,
288 2033 463 2095 Caledonius
485 2043 642 2114 postquam
664 2044 714 2095 tua
736 2033 854 2095 carbasa
876 2034 952 2094 rexit

178 2137 307 2179 oceanus
329 2119 474 2199 Phrygios
495 2121 578 2199 prius
600 2121 769 2199 indignatus
791 2119 880 2192 lulos,

177 2203 260 2283 eripe
280 2221 328 2264 me
350 2205 470 2284 populis
492 2213 521 2264 et
542 2205 661 2266 habenti
683 2205 784 2266 nubila
805 2213 911 2276 terrae,

178 2297 279 2350 sancte
301 2298 393 2368 pater,
417 2291 642 2368 veterumquel
640 2309 690 2350 ave
712 2289 877 2350 veneranda
898 2289 1016 2350 canenti

177 2373 253 2434 lacta
275 2374 379 2437 nrum.
424 2393 537 2435 versam
559 2374 659 2453 proles
681 2382 731 2433 tua
752 2373 861 2453 pandet
882 2373 1005 2434 Idumen

178 2460 319 2537 (namque
342 2456 461 2539 potest),
486 2459 604 2538 Solymo
627 2459 793 2538 nigrantem
814 2458 935 2536 pulvere
956 2459 1076 2520 fratrem

177 2551 425 2622 spargentemque
445 2544 525 2605 iaces
547 2552 576 2604 et
598 2543 629 2605 in
651 2543 733 2605 omni
754 2551 838 2604 turre
857 2543 1015 2604 furentem.

177 2628 227 2689 ille
248 2628 301 2688 tibi
324 2630 481 2708 cultusque
503 2631 590 2692 deum
612 2627 794 2706 delubraque
815 2635 934 2689 centum
1183 2639 1212 2688 15

177 2711 320 2788 instituet,
344 2731 412 2775 curn
434 2719 502 2788 lom,
527 2713 652 2793 genitor,
674 2713 788 2774 lucebis
809 2713 845 2773 ab
867 2712 949 2774 omni

177 2806 260 2877 parte
283 2798 354 2877 poli.
399 2818 496 2878 neque
519 2801 598 2860 enim
620 2798 717 2878 Tyriis
739 2799 890 2876 Cynosura
912 2797 1020 2858 carinis

179 2883 289 2944 certior
310 2891 360 2944 aut
382 2884 467 2944 Grais
488 2883 590 2944 llelice
612 2883 753 2944 servanda
773 2881 922 2958 magistris

177 2976 265 3028 actu
288 2967 371 3047 signa
395 2969 485 3042 dabis,
508 2987 561 3028 seu
582 2977 611 3028 te
634 2969 709 3028 duce
732 2966 852 3027 Graecia
872 2965 967 3026 mittet

178 3071 229 3112 sen
253 3053 344 3113 Sidon
367 3051 512 3133 Nilusque
532 3061 619 3113 rates
663 3070 745 3113 nunc
764 3060 869 3112 nostra
890 3068 1014 3112 serenus
1182 3053 1212 3105 1ο

178 3155 245 3198 orsa
268 3137 359 3211 iuves,
381 3137 453 3198 baec
475 3147 509 3199 ut
530 3137 626 3198 Latias
648 3155 704 3198 vox
725 3136 845 3216 impleat
865 3135 964 3197 urbes.

263 3222 454 3284 Haemoniam
476 3223 580 3303 primis
602 3222 697 3283 Pelias
718 3220 851 3282 frenabat
871 3221 908 3282 ab
930 3220 1026 3294 annis,

177 3306 235 3366 iam
255 3308 350 3385 gravis
373 3317 402 3368 et
424 3309 531 3387 longus
553 3307 673 3387 populis
695 3315 808 3367 metus.
831 3306 911 3367 illins
933 3323 1035 3367 amnes

177 3390 295 3452 lonium
317 3393 497 3472 quicumque
520 3401 635 3473 petunt,
658 3392 707 3452 ille
730 3391 844 3470 Othryn
869 3399 898 3452 et
919 3389 1063 3451 Haemum

165 3626 317 3685 lnautisn,
337 3625 449 3678 natisll.
521 3629 550 3678 11
563 3625 691 3694 panditn
698 3623 796 3691 pandet
809 3623 853 3675 br
863 3622 916 3689 (Ν,
934 3624 983 3686 11)
1054 3624 1084 3674 13
1095 3621 1171 3687 Soly

90 3707 135 3745 ino
153 3697 179 3744 et
196 3693 256 3746 Sch.
331 3699 368 3748 15.
388 3695 457 3761 genti
475 3711 502 3760 π,
529 3699 630 3747 centum
655 3694 704 3743 Ha
731 3689 1062 3757 (illuminatam
1079 3688 1116 3787 Μ,
1142 3695 1171 3740 tu

90 3761 121 3826 P,
140 3773 191 3812 om
211 3761 243 3813 V.
313 3765 344 3814 ab
363 3763 413 3814 alta
430 3763 550 3815 arcella.
622 3766 661 3814 l'l.
678 3761 704 3811 in
722 3777 750 3825 n,
768 3760 890 3812 enimPi.
918 3757 1060 3826 lyrim..
1106 3771 1171 3810 .-ca

91 3828 161 3882 tinas
184 3845 214 3891 π,
239 3830 377 3899 Tyriis..
422 3831 537 3883 cannis
555 3831 602 3881 1¹2²·
622 3831 797 3893 (68111
815 3843 861 3880 seu
878 3832 906 3878 tu
934 3841 963 3890 π,
986 3839 1063 3893 quam
1079 3831 1108 3877 tu
1132 3824 1193 3876 Sl

90 3900 173 3961 11611,
190 3911 220 3950 ac
238 3903 266 3950 tu
283 3899 344 3951 Seli.
404 3902 445 3952 10.
457 3905 482 3952 et
498 3916 527 3963 π,
544 3914 589 3952 seu
608 3898 646 3950 Sl
681 3900 722 3950 13.
740 3911 828 3949 omnes
845 3911 873 3959 n,
891 3894 984 3956 oreb,
1001 3908 1088 3945 amnes
1106 3893 1167 3945 Sall

144 3999 193 4042 Vol.
206 4000 304 4041 flaccus.
949 3998 960 4046 l
