2764 4340
390 247 394 252 ·
465 225 721 282 ludodhvrtcolt
737 229 830 284 LlBllll
846 230 865 284 l.

175 421 235 464 non
257 421 342 466 neos
365 401 532 464 Orionem
553 419 656 464 saevus
676 402 776 466 Pliade
798 403 914 464 Taurus

172 487 277 550 mortis
299 505 387 549 eausa
408 507 510 550 norae.
553 487 669 550 miseris
691 495 724 550 tu
747 488 896 570 gentihus,
919 489 1008 570 drgo,

172 574 230 635 lata
251 591 348 653 paras,
370 587 431 634 neo*
448 581 509 636 tam
528 573 634 635 merito
654 573 717 648 tibi,
739 573 847 653 Tiphy,
868 573 1000 653 quietum

174 659 233 720 ulla
254 677 363 738 parens
383 658 462 720 volet
482 658 615 738 Elysium
635 677 800 738 manesque
819 658 956 738 piorum’
1160 675 1208 728 eso

171 746 245 806 haee
266 743 307 805 ait
328 751 357 803 et
377 751 503 822 pontum
524 751 608 822 pater
628 763 664 805 ae
684 743 801 806 turbata
821 745 939 823 reponit

172 829 258 890 litora
281 828 460 908 depellitque
481 836 578 904 notos,
601 847 676 908 quos
699 829 835 892 eaerulus
855 830 963 890 horror
1057 869 1060 877 ·

174 922 204 976 et
223 913 340 974 madido
362 913 457 992 gravis
478 915 559 976 unda
580 914 649 975 sinu
670 914 819 994 longeque
839 923 961 976 secutus

163 999 269 1060 'imber
289 999 325 1059 ad
346 998 465 1061 Aeoliae
486 999 613 1062 tendunt
634 998 722 1062 simul
743 1017 872 1078 aequora
893 1007 1004 1079 portae.

173 1083 294 1146 emicuit
315 1091 444 1146 reserata
465 1083 528 1146 dies
550 1084 723 1164 caelumque
742 1084 863 1146 resolvit
1159 1099 1205 1151 666

172 1187 260 1230 66666
283 1177 312 1230 et
332 1168 363 1230 in
386 1187 518 1232 summos
538 1169 693 1232 mderunt
712 1169 813 1232 nubila
833 1177 960 1232 montes.

172 1255 230 1317 iam
251 1253 375 1334 plaeirh‘s
395 1254 467 1316 ratis
488 1262 566 1316 extat
586 1254 680 1333 aquis,
703 1273 794 1333 quam
813 1254 929 1333 gurgite
950 1256 987 1316 ah
1009 1257 1069 1318 imo

172 1347 202 1400 et
223 1338 324 1402 Thetis
345 1347 375 1400 et
395 1339 511 1419 magnis
531 1339 645 1402 Nereus
670 1357 757 1400 sooer
777 1338 863 1418 erigit
883 1339 972 1402 ulnis.

174 1443 244 1503 ergo
266 1441 385 1486 6666666
407 1425 513 1488 duotor
533 1443 617 1486 saoro
638 1424 753 1486 relatur
772 1425 880 1486 mnintu

172 1509 388 1587 Aesoniamque
410 1509 489 1590 eapit
508 1517 648 1589 pateram,
670 1527 759 1588 quam
780 1527 905 1572 munere
925 1511 1057 1589 gaudens
1159 1523 1205 1575 666

171 1594 299 1674 liquerat
319 1594 447 1674 hospitio
468 1596 682 1674 pharetrasque
702 1595 880 1674 rependerat
898 1613 971 1656 auro

172 1680 358 1754 Salmoneus,
381 1680 514 1742 nondum
535 1679 585 1742 ille
607 1681 721 1756 lurens,
744 1699 814 1742 oum
834 1682 959 1760 lingeret
979 1682 1029 1742 alti

172 1764 333 1844 quadrifida
354 1765 437 1826 trahe
457 1765 514 1826 tela
536 1765 611 1826 loris
634 1772 797 1844 contraque
819 1765 917 1826 ruenti

172 1856 222 1911 aut
243 1850 340 1912 Athon
362 1856 414 1910 aut
433 1848 598 1928 Rhodopen
619 1856 747 1911 maoetae
768 1868 889 1912 nemora
910 1851 1002 1911 ardua
1023 1851 1106 1914 Pisae

132 1955 137 1967 “
171 1935 305 1996 aemulus
327 1941 356 1995 et
375 1934 500 1996 miserm
522 1934 585 2014 ipse
606 1941 707 1996 666661
733 1933 826 1996 Elidis
846 1952 942 2012 agius.
1159 1948 1204 2000 666

170 2020 226 2081 hae
247 2020 351 2100 pelago
373 2019 445 2081 lihat
466 2019 566 2082 latioos
587 2028 617 2082 et
637 2019 744 2080 talibus
766 2019 846 2080 inllt:

168 2098 221 2180 ί(11,
244 2104 353 2183 quihus
375 2105 522 2166 undarum
542 2105 786 2185 tmopestatisqoe
805 2122 931 2166 sonorae

171 2189 329 2270 imperium
351 2197 381 2252 et
401 2209 509 2268 magno
531 2189 651 2268 penitus
672 2209 727 2269 par
747 2191 827 2268 regia
848 2189 939 2263 eaelo,

171 2283 274 2354 tuque,
295 2275 405 2336 fromn
425 2275 567 2353 divosque
588 2281 673 2354 pater
692 2275 796 2336 sortite
817 2274 967 2348 biformes,

129 2381 137 2414 ε
171 2379 224 2421 666
247 2378 332 2422 casus
354 2378 414 2420 nox
435 2359 490 2420 ista
510 2359 576 2434 luit,
598 2377 651 2420 seo
672 2359 799 2420 volvitur
818 2359 880 2420 axis
1159 2373 1205 2424 670

169 2445 197 2505 vi
219 2463 371 2525 superum,
392 2463 446 2506 seu
468 2444 564 2506 sidere
585 2461 661 2523 opus
681 2443 806 2524 tollique
825 2443 954 2504 vicissim

170 2537 283 2610 pontus
304 2529 401 2605 habet7
424 2549 477 2591 seu
498 2537 528 2592 te
549 2529 662 2591 subitae
683 2549 759 2592 uora
782 2529 892 2609 puppis
913 2527 1009 2608 imago

171 2631 381 2693 armorumque
407 2615 621 2693 hominumque
642 2622 742 2676 truoes
763 2631 945 2694 consurgene
964 2614 996 2678 ia
1019 2615 1077 2676 iras

171 2699 290 2780 inpulit,
312 2700 384 2760 haeo
405 2699 512 2762 luerim
532 2699 604 2761 satis
626 2708 655 2762 ot
675 2707 726 2762 tua
748 2700 879 2774 numina,
901 2707 1009 2773 rector,

171 2786 228 2847 iam
249 2784 362 2846 luerint
381 2785 503 2846 meliora
523 2784 606 2846 mihi.
650 2785 686 2846 da
706 2784 829 2846 reddere
850 2784 937 2845 terris
1159 2798 1204 2849 616

171 2871 223 2931 has
246 2869 359 2931 animas
379 2869 549 2949 patriaeque
569 2869 706 2948 amplecti
726 2869 828 2930 limina
848 2875 960 2946 portae
981 2917 983 2924 ,

172 2964 235 3016 tum
257 2973 446 3033 quocumque
468 2955 534 3016 loeo
555 2954 674 3016 meritas
695 2952 748 3015 tibi
761 2953 918 3034 *plurimos
938 2969 1002 3012 aas

170 3039 266 3120 pascit
285 3040 391 3114 honae,
413 3039 593 3118 ubicumque
613 3039 687 3100 rotis
707 3039 875 3101 horrendus
896 3037 1040 3117 equisque

170 3133 239 3200 stas,
262 3131 354 3204 pater,
376 3125 472 3204 adque
491 3126 600 3204 ingens
620 3125 769 3204 utrimque
780 3123 911 3186 diuortia
932 3121 1035 3184 Triton

133 3227 136 3236 ⁴
169 3211 254 3272 lrena
275 3217 365 3284 tenet,
389 3217 486 3272 lautus
508 3216 624 3272 nostras
645 3210 773 3272 condere
794 3227 849 3289 per
870 3207 978 3270 urbes!
1158 3222 1205 3274 666

170 3295 283 3358 dixerat
301 3295 383 3356 haee.
428 3295 523 3356 oritur
544 3295 654 3358 elamor
675 3296 851 3373 dextraeque
872 3299 1015 3356 seeunhrr

174 3517 234 3569 661.
251 3513 419 3580 phalerasque
442 3509 495 3568 He.
565 3515 623 3566 662.
640 3519 702 3580 port
718 3513 803 3564 furens
827 3517 853 3562 et
870 3513 949 3562 leuius
967 3527 1057 3562 ueram
1074 3513 1162 3561 emitur

87 3586 113 3631 et
147 3581 191 3633 laea
208 3597 289 3648 quam
306 3581 447 3632 dimidiam
472 3585 604 3647 :maeatis
622 3581 788 3633 intercidisse
804 3580 918 3631 videtur.
996 3581 1056 3636 663.
1072 3581 1161 3630 mente

87 3597 147 3716 ἦ.
163 3654 283 3702 ruentum
302 3651 337 3714 Ρ,
350 3649 435 3702 mh
452 3646 505 3703 Ile.
553 3683 555 3692 ·
582 3653 629 3703 611
655 3653 684 3701 ut
707 3665 729 3704 e.
746 3649 783 3701 de
799 3651 879 3700 staret
895 3661 961 3714 opus
977 3661 1012 3711 ar,
1028 3647 1056 3697 al
1075 3661 1097 3701 o.
1114 3659 1160 3698 eeu

85 3717 166 3770 sidere
190 3733 256 3785 opus
280 3717 346 3769 Bur.
364 3723 390 3770 et
408 3717 568 3784 Oudendorp
587 3719 691 3782 (Frena
708 3718 791 3769 Strot.
811 3717 834 3782 l,
857 3719 872 3768 5
899 3716 939 3766 ed.
962 3717 1025 3780 ree.)
1101 3717 1161 3767 678.

85 3786 177 3839 horren
194 3791 221 3839 et
239 3786 311 3853 equis
329 3786 362 3851 V,
387 3785 519 3840 horrerent
545 3786 617 3852 equis
640 3785 670 3837 M
693 3785 844 3850 (horrendus
862 3784 967 3850 equlsv‘e
984 3786 1037 3846 661,
1054 3781 1160 3834 horren-

80 3854 131 3910 dus
149 3857 177 3908 et
194 3855 269 3922 equis
284 3855 314 3918 Ρ,
330 3853 472 3910 horrendus
489 3854 613 3921 equisque
629 3853 689 3908 ΚΒ.
739 3855 797 3908 6611.
814 3851 969 3913 concedere,
988 3849 1097 3904 rendere
1113 3851 1161 3902 He.

154 3925 216 3976 661.
234 3921 374 3988 dextraque
390 3925 540 3989 sequentum
562 3939 591 3988 π,
615 3921 767 3988 dextraeque
785 3923 926 3987 sequuntur
942 3919 974 3971 A.

960 4005 999 4057 23
