<?xml version="1.0" encoding="UTF-8"?>
<!DOCTYPE html PUBLIC "-//W3C//DTD XHTML 1.0 Transitional//EN"
    "http://www.w3.org/TR/xhtml1/DTD/xhtml1-transitional.dtd">
<html xmlns="http://www.w3.org/1999/xhtml" xml:lang="en" lang="en">
 <head>
  <title>
</title>
<meta http-equiv="Content-Type" content="text/html;charset=utf-8" />
  <meta name='ocr-system' content='tesseract 3.04.00' />
  <meta name='ocr-capabilities' content='ocr_page ocr_carea ocr_par ocr_line ocrx_word'/>
</head>
<body>
  <div class='ocr_page' id='page_1' title='image "./cvaleriflaccise00flacgoog_0167.png"; bbox 0 0 2780 4350; ppageno 0'>
   <div class='ocr_carea' id='block_1_1' title="bbox 599 197 888 251">
    <p class='ocr_par' dir='ltr' id='par_1_1' title="bbox 599 197 888 251">
     <span class='ocr_line' id='line_1_1' title="bbox 599 197 888 251; baseline 0.007 -3"><span class='ocrx_word' id='word_1_1' title='bbox 599 199 625 250; x_wconf 82' lang='lat' dir='ltr'><strong>G.</strong></span> <span class='ocrx_word' id='word_1_2' title='bbox 643 197 761 251; x_wconf 81' lang='lat' dir='ltr'><strong>VALERI</strong></span> <span class='ocrx_word' id='word_1_3' title='bbox 777 197 888 250; x_wconf 72' lang='lat' dir='ltr'><strong>runco}</strong></span> 
     </span>
    </p>
   </div>
   <div class='ocr_carea' id='block_1_2' title="bbox 263 353 1233 2398">
    <p class='ocr_par' dir='ltr' id='par_1_2' title="bbox 264 353 1044 434">
     <span class='ocr_line' id='line_1_2' title="bbox 264 353 1044 434; baseline -0.004 -17"><span class='ocrx_word' id='word_1_4' title='bbox 264 356 394 434; x_wconf 84' lang='lat' dir='ltr'><strong>virginis.</strong></span> <span class='ocrx_word' id='word_1_5' title='bbox 439 355 510 416; x_wconf 90' lang='lat' dir='ltr'><strong>hinc</strong></span> <span class='ocrx_word' id='word_1_6' title='bbox 531 353 636 416; x_wconf 80' lang='lat' dir='ltr'><strong>subitis</strong></span> <span class='ocrx_word' id='word_1_7' title='bbox 658 353 758 416; x_wconf 83' lang='lat' dir='ltr'><strong>infelix</strong></span> <span class='ocrx_word' id='word_1_8' title='bbox 780 355 870 414; x_wconf 80' lang='lat' dir='ltr'><strong>irater</strong></span> <span class='ocrx_word' id='word_1_9' title='bbox 892 354 923 416; x_wconf 93' lang='lat' dir='ltr'><strong>in</strong></span> <span class='ocrx_word' id='word_1_10' title='bbox 945 353 1044 428; x_wconf 88' lang='lat' dir='ltr'><strong>armis,</strong></span> 
     </span>
    </p>

    <p class='ocr_par' dir='ltr' id='par_1_3' title="bbox 265 440 1051 520">
     <span class='ocr_line' id='line_1_3' title="bbox 265 440 1051 520; baseline -0.003 -16"><span class='ocrx_word' id='word_1_11' title='bbox 265 443 336 504; x_wconf 90' lang='lat' dir='ltr'><strong>urbs</strong></span> <span class='ocrx_word' id='word_1_12' title='bbox 359 441 445 502; x_wconf 87' lang='lat' dir='ltr'><strong>etiarn</strong></span> <span class='ocrx_word' id='word_1_13' title='bbox 467 459 535 500; x_wconf 84' lang='lat' dir='ltr'><strong>mox</strong></span> <span class='ocrx_word' id='word_1_14' title='bbox 558 447 617 500; x_wconf 87' lang='lat' dir='ltr'><strong>tota</strong></span> <span class='ocrx_word' id='word_1_15' title='bbox 640 440 708 514; x_wconf 87' lang='lat' dir='ltr'><strong>coit,</strong></span> <span class='ocrx_word' id='word_1_16' title='bbox 730 441 808 500; x_wconf 85' lang='lat' dir='ltr'><strong>volat</strong></span> <span class='ocrx_word' id='word_1_17' title='bbox 829 440 893 520; x_wconf 87' lang='lat' dir='ltr'><strong>ipse</strong></span> <span class='ocrx_word' id='word_1_18' title='bbox 915 447 1051 502; x_wconf 87' lang='lat' dir='ltr'><strong>senectae</strong></span> 
     </span>
    </p>

    <p class='ocr_par' dir='ltr' id='par_1_4' title="bbox 265 525 972 604">
     <span class='ocr_line' id='line_1_4' title="bbox 265 525 972 604; baseline -0.004 -16"><span class='ocrx_word' id='word_1_19' title='bbox 265 529 419 588; x_wconf 88' lang='lat' dir='ltr'><strong>immemor</strong></span> <span class='ocrx_word' id='word_1_20' title='bbox 441 527 555 600; x_wconf 68' lang='lat' dir='ltr'><strong>Aeetes</strong></span> <span class='ocrx_word' id='word_1_21' title='bbox 579 526 766 604; x_wconf 78' lang='lat' dir='ltr'>complentur</span> <span class='ocrx_word' id='word_1_22' title='bbox 787 525 873 586; x_wconf 85' lang='lat' dir='ltr'><strong>litora</strong></span> <span class='ocrx_word' id='word_1_23' title='bbox 894 525 972 586; x_wconf 91' lang='lat' dir='ltr'><strong>hello</strong></span> 
     </span>
    </p>

    <p class='ocr_par' dir='ltr' id='par_1_5' title="bbox 266 605 1130 775">
     <span class='ocr_line' id='line_1_5' title="bbox 266 605 1099 691; baseline -0.005 -17"><span class='ocrx_word' id='word_1_24' title='bbox 266 613 462 691; x_wconf 89' lang='lat' dir='ltr'><strong>nequiquam;</strong></span> <span class='ocrx_word' id='word_1_25' title='bbox 484 611 562 690; x_wconf 80' lang='lat' dir='ltr'><strong>sugit</strong></span> <span class='ocrx_word' id='word_1_26' title='bbox 583 610 712 672; x_wconf 87' lang='lat' dir='ltr'><strong>inmissis</strong></span> <span class='ocrx_word' id='word_1_27' title='bbox 734 630 802 671; x_wconf 87' lang='lat' dir='ltr'><strong>nam</strong></span> <span class='ocrx_word' id='word_1_28' title='bbox 823 611 934 691; x_wconf 89' lang='lat' dir='ltr'><strong>puppis</strong></span> <span class='ocrx_word' id='word_1_29' title='bbox 956 605 1099 670; x_wconf 58' lang='lat' dir='ltr'><strong>habenis(</strong></span> 
     </span>
     <span class='ocr_line' id='line_1_6' title="bbox 307 696 1130 775; baseline -0.002 -17"><span class='ocrx_word' id='word_1_30' title='bbox 307 698 399 758; x_wconf 88' lang='lat' dir='ltr'><strong>Mater</strong></span> <span class='ocrx_word' id='word_1_31' title='bbox 421 697 516 758; x_wconf 85' lang='lat' dir='ltr'><strong>adhuc</strong></span> <span class='ocrx_word' id='word_1_32' title='bbox 537 696 636 758; x_wconf 78' lang='lat' dir='ltr'><strong>nubas</strong></span> <span class='ocrx_word' id='word_1_33' title='bbox 657 696 794 758; x_wconf 87' lang='lat' dir='ltr'><strong>tendebat</strong></span> <span class='ocrx_word' id='word_1_34' title='bbox 815 696 846 756; x_wconf 91' lang='lat' dir='ltr'><strong>in</strong></span> <span class='ocrx_word' id='word_1_35' title='bbox 869 714 997 774; x_wconf 83' lang='lat' dir='ltr'><strong>aequora</strong></span> <span class='ocrx_word' id='word_1_36' title='bbox 1018 696 1130 775; x_wconf 87' lang='lat' dir='ltr'><strong>palmas</strong></span> 
     </span>
    </p>

    <p class='ocr_par' dir='ltr' id='par_1_6' title="bbox 267 781 1105 860">
     <span class='ocr_line' id='line_1_7' title="bbox 267 781 1105 860; baseline -0.004 -15"><span class='ocrx_word' id='word_1_37' title='bbox 267 792 295 845; x_wconf 88' lang='lat' dir='ltr'><strong>et</strong></span> <span class='ocrx_word' id='word_1_38' title='bbox 317 802 403 842; x_wconf 86' lang='lat' dir='ltr'><strong>soror</strong></span> <span class='ocrx_word' id='word_1_39' title='bbox 424 783 520 860; x_wconf 88' lang='lat' dir='ltr'><strong>adque</strong></span> <span class='ocrx_word' id='word_1_40' title='bbox 542 801 645 844; x_wconf 90' lang='lat' dir='ltr'><strong>omnes</strong></span> <span class='ocrx_word' id='word_1_41' title='bbox 668 781 740 844; x_wconf 82' lang='lat' dir='ltr'><strong>aliae</strong></span> <span class='ocrx_word' id='word_1_42' title='bbox 760 789 928 860; x_wconf 87' lang='lat' dir='ltr'><strong>matresque</strong></span> <span class='ocrx_word' id='word_1_43' title='bbox 949 799 1105 860; x_wconf 90' lang='lat' dir='ltr'><strong>nurusque</strong></span> 
     </span>
    </p>

    <p class='ocr_par' dir='ltr' id='par_1_7' title="bbox 267 866 1001 946">
     <span class='ocr_line' id='line_1_8' title="bbox 267 866 1001 946; baseline -0.007 -16"><span class='ocrx_word' id='word_1_44' title='bbox 267 868 421 930; x_wconf 78' lang='lat' dir='ltr'><strong>Colchides</strong></span> <span class='ocrx_word' id='word_1_45' title='bbox 445 868 641 946; x_wconf 81' lang='lat' dir='ltr'><strong>aequalesque</strong></span> <span class='ocrx_word' id='word_1_46' title='bbox 654 867 718 942; x_wconf 86' lang='lat' dir='ltr'><strong>tibi,</strong></span> <span class='ocrx_word' id='word_1_47' title='bbox 740 866 850 940; x_wconf 82' lang='lat' dir='ltr'><strong>Medea,</strong></span> <span class='ocrx_word' id='word_1_48' title='bbox 876 866 1001 946; x_wconf 86' lang='lat' dir='ltr'><strong>puellae.</strong></span> 
     </span>
    </p>

    <p class='ocr_par' dir='ltr' id='par_1_8' title="bbox 267 951 1040 1034">
     <span class='ocr_line' id='line_1_9' title="bbox 267 951 1040 1034; baseline -0.005 -20"><span class='ocrx_word' id='word_1_49' title='bbox 267 961 343 1015; x_wconf 85' lang='lat' dir='ltr'><strong>extat</strong></span> <span class='ocrx_word' id='word_1_50' title='bbox 365 955 426 1014; x_wconf 90' lang='lat' dir='ltr'><strong>sola</strong></span> <span class='ocrx_word' id='word_1_51' title='bbox 448 972 557 1034; x_wconf 85' lang='lat' dir='ltr'><strong>parens</strong></span> <span class='ocrx_word' id='word_1_52' title='bbox 580 954 741 1033; x_wconf 81' lang='lat' dir='ltr'><strong>impletque</strong></span> <span class='ocrx_word' id='word_1_53' title='bbox 762 951 923 1013; x_wconf 90' lang='lat' dir='ltr'><strong>ululatibus</strong></span> <span class='ocrx_word' id='word_1_54' title='bbox 945 970 1040 1012; x_wconf 83' lang='lat' dir='ltr'><strong>auras.</strong></span> 
     </span>
    </p>

    <p class='ocr_par' dir='ltr' id='par_1_9' title="bbox 263 1036 1156 1118">
     <span class='ocr_line' id='line_1_10' title="bbox 263 1036 1156 1118; baseline 0 -18"><span class='ocrx_word' id='word_1_55' title='bbox 263 1036 347 1100; x_wconf 84' lang='lat' dir='ltr'><strong>‘siste</strong></span> <span class='ocrx_word' id='word_1_56' title='bbox 367 1041 478 1118; x_wconf 84' lang='lat' dir='ltr'><strong>lugam,</strong></span> <span class='ocrx_word' id='word_1_57' title='bbox 499 1039 597 1100; x_wconf 86' lang='lat' dir='ltr'><strong>medio</strong></span> <span class='ocrx_word' id='word_1_58' title='bbox 620 1040 698 1099; x_wconf 83' lang='lat' dir='ltr'><strong>refer</strong></span> <span class='ocrx_word' id='word_1_59' title='bbox 719 1039 778 1098; x_wconf 88' lang='lat' dir='ltr'><strong>huc</strong></span> <span class='ocrx_word' id='word_1_60' title='bbox 800 1057 835 1098; x_wconf 85' lang='lat' dir='ltr'><strong>ex</strong></span> <span class='ocrx_word' id='word_1_61' title='bbox 857 1055 985 1116; x_wconf 88' lang='lat' dir='ltr'><strong>aequore</strong></span> <span class='ocrx_word' id='word_1_62' title='bbox 1007 1055 1156 1115; x_wconf 81' lang='lat' dir='ltr'><strong>puppem3</strong></span> 
     </span>
    </p>

    <p class='ocr_par' dir='ltr' id='par_1_10' title="bbox 268 1118 1134 1205">
     <span class='ocr_line' id='line_1_11' title="bbox 268 1118 1134 1205; baseline -0.005 -20"><span class='ocrx_word' id='word_1_63' title='bbox 268 1131 343 1200; x_wconf 83' lang='lat' dir='ltr'><strong>nata,</strong></span> <span class='ocrx_word' id='word_1_64' title='bbox 366 1132 460 1205; x_wconf 86' lang='lat' dir='ltr'><strong>potes.</strong></span> <span class='ocrx_word' id='word_1_65' title='bbox 505 1118 573 1202; x_wconf 83' lang='lat' dir='ltr'><strong>quo’</strong></span> <span class='ocrx_word' id='word_1_66' title='bbox 597 1125 701 1186; x_wconf 88' lang='lat' dir='ltr'><strong>clamat</strong></span> <span class='ocrx_word' id='word_1_67' title='bbox 718 1119 816 1184; x_wconf 84' lang='lat' dir='ltr'><strong>‘abis‘l</strong></span> <span class='ocrx_word' id='word_1_68' title='bbox 837 1123 886 1182; x_wconf 93' lang='lat' dir='ltr'><strong>hic</strong></span> <span class='ocrx_word' id='word_1_69' title='bbox 907 1122 994 1182; x_wconf 88' lang='lat' dir='ltr'><strong>turba</strong></span> <span class='ocrx_word' id='word_1_70' title='bbox 1014 1129 1134 1182; x_wconf 85' lang='lat' dir='ltr'><strong>tuorum</strong></span> 
     </span>
    </p>

    <p class='ocr_par' dir='ltr' id='par_1_11' title="bbox 268 1207 1081 1288">
     <span class='ocr_line' id='line_1_12' title="bbox 268 1207 1081 1288; baseline -0.001 -19"><span class='ocrx_word' id='word_1_71' title='bbox 268 1211 365 1270; x_wconf 92' lang='lat' dir='ltr'><strong>omnis</strong></span> <span class='ocrx_word' id='word_1_72' title='bbox 388 1218 417 1271; x_wconf 90' lang='lat' dir='ltr'><strong>et</strong></span> <span class='ocrx_word' id='word_1_73' title='bbox 439 1211 530 1272; x_wconf 86' lang='lat' dir='ltr'><strong>iratus</strong></span> <span class='ocrx_word' id='word_1_74' title='bbox 553 1210 686 1270; x_wconf 91' lang='lat' dir='ltr'><strong>nondum</strong></span> <span class='ocrx_word' id='word_1_75' title='bbox 708 1216 807 1288; x_wconf 88' lang='lat' dir='ltr'><strong>pater;</strong></span> <span class='ocrx_word' id='word_1_76' title='bbox 829 1209 901 1268; x_wconf 88' lang='lat' dir='ltr'><strong>haec</strong></span> <span class='ocrx_word' id='word_1_77' title='bbox 922 1214 973 1268; x_wconf 85' lang='lat' dir='ltr'><strong>tua</strong></span> <span class='ocrx_word' id='word_1_78' title='bbox 994 1207 1081 1268; x_wconf 87' lang='lat' dir='ltr'><strong>tellus</strong></span> 
     </span>
    </p>

    <p class='ocr_par' dir='ltr' id='par_1_12' title="bbox 268 1291 1128 1374">
     <span class='ocr_line' id='line_1_13' title="bbox 268 1291 1128 1374; baseline -0.003 -18"><span class='ocrx_word' id='word_1_79' title='bbox 268 1303 452 1374; x_wconf 85' lang='lat' dir='ltr'><strong>sceptraque.</strong></span> <span class='ocrx_word' id='word_1_80' title='bbox 497 1295 568 1373; x_wconf 92' lang='lat' dir='ltr'><strong>quid</strong></span> <span class='ocrx_word' id='word_1_81' title='bbox 589 1295 677 1356; x_wconf 89' lang='lat' dir='ltr'><strong>terris</strong></span> <span class='ocrx_word' id='word_1_82' title='bbox 699 1295 791 1356; x_wconf 90' lang='lat' dir='ltr'><strong>solam</strong></span> <span class='ocrx_word' id='word_1_83' title='bbox 813 1301 842 1356; x_wconf 87' lang='lat' dir='ltr'><strong>te</strong></span> <span class='ocrx_word' id='word_1_84' title='bbox 864 1292 959 1354; x_wconf 90' lang='lat' dir='ltr'><strong>credis</strong></span> <span class='ocrx_word' id='word_1_85' title='bbox 982 1291 1128 1354; x_wconf 75' lang='lat' dir='ltr'><strong>Achaeis?</strong></span> 
     </span>
    </p>

    <p class='ocr_par' dir='ltr' id='par_1_13' title="bbox 269 1376 1062 1459">
     <span class='ocr_line' id='line_1_14' title="bbox 269 1376 1062 1459; baseline -0.003 -19"><span class='ocrx_word' id='word_1_86' title='bbox 269 1380 336 1459; x_wconf 90' lang='lat' dir='ltr'><strong>quis</strong></span> <span class='ocrx_word' id='word_1_87' title='bbox 358 1382 441 1441; x_wconf 91' lang='lat' dir='ltr'><strong>locus</strong></span> <span class='ocrx_word' id='word_1_88' title='bbox 464 1379 597 1442; x_wconf 86' lang='lat' dir='ltr'><strong>Inachias</strong></span> <span class='ocrx_word' id='word_1_89' title='bbox 619 1381 698 1442; x_wconf 88' lang='lat' dir='ltr'><strong>inter</strong></span> <span class='ocrx_word' id='word_1_90' title='bbox 718 1380 781 1454; x_wconf 83' lang='lat' dir='ltr'><strong>tibi,</strong></span> <span class='ocrx_word' id='word_1_91' title='bbox 803 1379 935 1454; x_wconf 77' lang='lat' dir='ltr'><strong>barbara,</strong></span> <span class='ocrx_word' id='word_1_92' title='bbox 959 1376 1062 1438; x_wconf 79' lang='lat' dir='ltr'><strong>natas?</strong></span> 
     </span>
    </p>

    <p class='ocr_par' dir='ltr' id='par_1_14' title="bbox 269 1461 1001 1544">
     <span class='ocr_line' id='line_1_15' title="bbox 269 1461 1001 1544; baseline -0.001 -19"><span class='ocrx_word' id='word_1_93' title='bbox 269 1467 362 1526; x_wconf 84' lang='lat' dir='ltr'><strong>istane</strong></span> <span class='ocrx_word' id='word_1_94' title='bbox 384 1473 449 1526; x_wconf 86' lang='lat' dir='ltr'><strong>vota</strong></span> <span class='ocrx_word' id='word_1_95' title='bbox 471 1466 575 1525; x_wconf 89' lang='lat' dir='ltr'><strong>domus</strong></span> <span class='ocrx_word' id='word_1_96' title='bbox 598 1464 801 1544; x_wconf 81' lang='lat' dir='ltr'><strong>expectatique</strong></span> <span class='ocrx_word' id='word_1_97' title='bbox 823 1461 1001 1544; x_wconf 80' lang='lat' dir='ltr'><strong>hymenaei?</strong></span> 
     </span>
    </p>

    <p class='ocr_par' dir='ltr' id='par_1_15' title="bbox 268 1547 1233 1629">
     <span class='ocr_line' id='line_1_16' title="bbox 268 1547 1233 1629; baseline 0.006 -19"><span class='ocrx_word' id='word_1_98' title='bbox 268 1551 349 1610; x_wconf 91' lang='lat' dir='ltr'><strong>hunc</strong></span> <span class='ocrx_word' id='word_1_99' title='bbox 371 1551 443 1629; x_wconf 91' lang='lat' dir='ltr'><strong>petii</strong></span> <span class='ocrx_word' id='word_1_100' title='bbox 466 1549 626 1628; x_wconf 84' lang='lat' dir='ltr'><strong>grandaeva</strong></span> <span class='ocrx_word' id='word_1_101' title='bbox 648 1547 747 1610; x_wconf 79' lang='lat' dir='ltr'><strong>dieml</strong></span> <span class='ocrx_word' id='word_1_102' title='bbox 769 1550 874 1611; x_wconf 88' lang='lat' dir='ltr'><strong>vellem</strong></span> <span class='ocrx_word' id='word_1_103' title='bbox 896 1549 1047 1628; x_wconf 81' lang='lat' dir='ltr'><strong>unguibus</strong></span> <span class='ocrx_word' id='word_1_104' title='bbox 1069 1549 1166 1625; x_wconf 88' lang='lat' dir='ltr'><strong>uncis,</strong></span> <span class='ocrx_word' id='word_1_105' title='bbox 1216 1611 1233 1616; x_wconf 87' lang='lat'><strong>..</strong></span> 
     </span>
    </p>

    <p class='ocr_par' dir='ltr' id='par_1_16' title="bbox 268 1634 1026 1716">
     <span class='ocr_line' id='line_1_17' title="bbox 268 1634 1026 1716; baseline -0.004 -19"><span class='ocrx_word' id='word_1_106' title='bbox 268 1644 302 1697; x_wconf 88' lang='lat' dir='ltr'><strong>ut</strong></span> <span class='ocrx_word' id='word_1_107' title='bbox 322 1635 459 1710; x_wconf 86' lang='lat' dir='ltr'><strong>volucris,</strong></span> <span class='ocrx_word' id='word_1_108' title='bbox 483 1654 602 1716; x_wconf 87' lang='lat' dir='ltr'><strong>possem</strong></span> <span class='ocrx_word' id='word_1_109' title='bbox 623 1635 781 1716; x_wconf 90' lang='lat' dir='ltr'><strong>praedonis</strong></span> <span class='ocrx_word' id='word_1_110' title='bbox 803 1634 833 1696; x_wconf 93' lang='lat' dir='ltr'><strong>in</strong></span> <span class='ocrx_word' id='word_1_111' title='bbox 857 1635 951 1714; x_wconf 91' lang='lat' dir='ltr'><strong>ipsius</strong></span> <span class='ocrx_word' id='word_1_112' title='bbox 974 1653 1026 1696; x_wconf 85' lang='lat' dir='ltr'><strong>ora</strong></span> 
     </span>
    </p>

    <p class='ocr_par' dir='ltr' id='par_1_17' title="bbox 271 1721 1062 1802">
     <span class='ocr_line' id='line_1_18' title="bbox 271 1721 1062 1802; baseline -0.003 -21"><span class='ocrx_word' id='word_1_113' title='bbox 271 1721 315 1781; x_wconf 92' lang='lat' dir='ltr'><strong>ire</strong></span> <span class='ocrx_word' id='word_1_114' title='bbox 337 1729 489 1800; x_wconf 84' lang='lat' dir='ltr'><strong>ratemque</strong></span> <span class='ocrx_word' id='word_1_115' title='bbox 511 1739 611 1802; x_wconf 83' lang='lat' dir='ltr'><strong>supra,</strong></span> <span class='ocrx_word' id='word_1_116' title='bbox 635 1722 773 1800; x_wconf 90' lang='lat' dir='ltr'><strong>claroque</strong></span> <span class='ocrx_word' id='word_1_117' title='bbox 795 1737 951 1800; x_wconf 86' lang='lat' dir='ltr'><strong>reposcere</strong></span> <span class='ocrx_word' id='word_1_118' title='bbox 974 1727 1062 1782; x_wconf 90' lang='lat' dir='ltr'><strong>cantu</strong></span> 
     </span>
    </p>

    <p class='ocr_par' dir='ltr' id='par_1_18' title="bbox 269 1805 1128 1886">
     <span class='ocr_line' id='line_1_19' title="bbox 269 1805 1128 1886; baseline 0 -20"><span class='ocrx_word' id='word_1_119' title='bbox 269 1826 356 1886; x_wconf 84' lang='lat' dir='ltr'><strong>quam</strong></span> <span class='ocrx_word' id='word_1_120' title='bbox 378 1808 477 1886; x_wconf 83' lang='lat' dir='ltr'><strong>genui.</strong></span> <span class='ocrx_word' id='word_1_121' title='bbox 523 1807 635 1872; x_wconf 78' lang='lat' dir='ltr'><strong>libano</strong></span> <span class='ocrx_word' id='word_1_122' title='bbox 656 1806 713 1868; x_wconf 85' lang='lat' dir='ltr'><strong>fuit</strong></span> <span class='ocrx_word' id='word_1_123' title='bbox 733 1807 805 1868; x_wconf 90' lang='lat' dir='ltr'><strong>haec</strong></span> <span class='ocrx_word' id='word_1_124' title='bbox 827 1805 972 1885; x_wconf 89' lang='lat' dir='ltr'><strong>promissa</strong></span> <span class='ocrx_word' id='word_1_125' title='bbox 993 1813 1128 1885; x_wconf 85' lang='lat' dir='ltr'><strong>tyranno,</strong></span> 
     </span>
    </p>

    <p class='ocr_par' dir='ltr' id='par_1_19' title="bbox 270 1892 1063 1972">
     <span class='ocr_line' id='line_1_20' title="bbox 270 1892 1063 1972; baseline -0.001 -20"><span class='ocrx_word' id='word_1_126' title='bbox 270 1912 331 1952; x_wconf 90' lang='lat' dir='ltr'><strong>non</strong></span> <span class='ocrx_word' id='word_1_127' title='bbox 353 1892 422 1967; x_wconf 90' lang='lat' dir='ltr'><strong>tihi;</strong></span> <span class='ocrx_word' id='word_1_128' title='bbox 447 1893 489 1954; x_wconf 93' lang='lat' dir='ltr'><strong>nil</strong></span> <span class='ocrx_word' id='word_1_129' title='bbox 510 1899 608 1954; x_wconf 86' lang='lat' dir='ltr'><strong>tecum</strong></span> <span class='ocrx_word' id='word_1_130' title='bbox 630 1892 730 1955; x_wconf 89' lang='lat' dir='ltr'><strong>miseri</strong></span> <span class='ocrx_word' id='word_1_131' title='bbox 753 1892 894 1972; x_wconf 82' lang='lat' dir='ltr'><strong>pepigere</strong></span> <span class='ocrx_word' id='word_1_132' title='bbox 916 1898 1063 1970; x_wconf 83' lang='lat' dir='ltr'><strong>parentes,</strong></span> 
     </span>
    </p>

    <p class='ocr_par' dir='ltr' id='par_1_20' title="bbox 271 1977 958 2052">
     <span class='ocr_line' id='line_1_21' title="bbox 271 1977 958 2052; baseline -0.001 -14"><span class='ocrx_word' id='word_1_133' title='bbox 271 1978 433 2052; x_wconf 77' lang='lat' dir='ltr'><strong>Aesonide3</strong></span> <span class='ocrx_word' id='word_1_134' title='bbox 457 1997 517 2038; x_wconf 93' lang='lat' dir='ltr'><strong>non</strong></span> <span class='ocrx_word' id='word_1_135' title='bbox 539 1978 597 2039; x_wconf 87' lang='lat' dir='ltr'><strong>hoc</strong></span> <span class='ocrx_word' id='word_1_136' title='bbox 618 1977 713 2038; x_wconf 85' lang='lat' dir='ltr'><strong>Pelias</strong></span> <span class='ocrx_word' id='word_1_137' title='bbox 736 1977 856 2038; x_wconf 85' lang='lat' dir='ltr'><strong>evadere</strong></span> <span class='ocrx_word' id='word_1_138' title='bbox 878 1977 958 2037; x_wconf 82' lang='lat' dir='ltr'><strong>furto</strong></span> 
     </span>
    </p>

    <p class='ocr_par' dir='ltr' id='par_1_21' title="bbox 269 2061 989 2124">
     <span class='ocr_line' id='line_1_22' title="bbox 269 2061 989 2124; baseline -0.001 -2"><span class='ocrx_word' id='word_1_139' title='bbox 269 2071 299 2123; x_wconf 86' lang='lat' dir='ltr'><strong>te</strong></span> <span class='ocrx_word' id='word_1_140' title='bbox 321 2062 402 2123; x_wconf 91' lang='lat' dir='ltr'><strong>iubet</strong></span> <span class='ocrx_word' id='word_1_141' title='bbox 423 2069 474 2122; x_wconf 88' lang='lat' dir='ltr'><strong>aut</strong></span> <span class='ocrx_word' id='word_1_142' title='bbox 495 2062 570 2123; x_wconf 91' lang='lat' dir='ltr'><strong>ullas</strong></span> <span class='ocrx_word' id='word_1_143' title='bbox 593 2061 709 2123; x_wconf 81' lang='lat' dir='ltr'><strong>Colchis</strong></span> <span class='ocrx_word' id='word_1_144' title='bbox 730 2062 876 2124; x_wconf 90' lang='lat' dir='ltr'><strong>abducere</strong></span> <span class='ocrx_word' id='word_1_145' title='bbox 898 2068 989 2122; x_wconf 85' lang='lat' dir='ltr'><strong>natas.</strong></span> 
     </span>
    </p>

    <p class='ocr_par' dir='ltr' id='par_1_22' title="bbox 269 2146 1146 2227">
     <span class='ocr_line' id='line_1_23' title="bbox 269 2146 1146 2227; baseline 0 -21"><span class='ocrx_word' id='word_1_146' title='bbox 269 2147 362 2208; x_wconf 89' lang='lat' dir='ltr'><strong>vellus</strong></span> <span class='ocrx_word' id='word_1_147' title='bbox 384 2147 459 2207; x_wconf 88' lang='lat' dir='ltr'><strong>habe</strong></span> <span class='ocrx_word' id='word_1_148' title='bbox 482 2153 511 2207; x_wconf 91' lang='lat' dir='ltr'><strong>et</strong></span> <span class='ocrx_word' id='word_1_149' title='bbox 531 2147 642 2208; x_wconf 89' lang='lat' dir='ltr'><strong>nostris</strong></span> <span class='ocrx_word' id='word_1_150' title='bbox 664 2147 763 2226; x_wconf 90' lang='lat' dir='ltr'><strong>siquid</strong></span> <span class='ocrx_word' id='word_1_151' title='bbox 785 2166 876 2227; x_wconf 87' lang='lat' dir='ltr'><strong>super</strong></span> <span class='ocrx_word' id='word_1_152' title='bbox 898 2146 998 2226; x_wconf 91' lang='lat' dir='ltr'><strong>accipe</strong></span> <span class='ocrx_word' id='word_1_153' title='bbox 1020 2146 1146 2226; x_wconf 84' lang='lat' dir='ltr'><strong>templis.</strong></span> 
     </span>
    </p>

    <p class='ocr_par' dir='ltr' id='par_1_23' title="bbox 270 2230 1172 2312">
     <span class='ocr_line' id='line_1_24' title="bbox 270 2230 1172 2312; baseline -0.002 -18"><span class='ocrx_word' id='word_1_154' title='bbox 270 2233 322 2294; x_wconf 89' lang='lat' dir='ltr'><strong>sed</strong></span> <span class='ocrx_word' id='word_1_155' title='bbox 343 2233 415 2311; x_wconf 91' lang='lat' dir='ltr'><strong>quid</strong></span> <span class='ocrx_word' id='word_1_156' title='bbox 438 2250 492 2310; x_wconf 86' lang='lat' dir='ltr'><strong>ego</strong></span> <span class='ocrx_word' id='word_1_157' title='bbox 515 2248 693 2312; x_wconf 88' lang='lat' dir='ltr'><strong>quemquam</strong></span> <span class='ocrx_word' id='word_1_158' title='bbox 715 2233 859 2294; x_wconf 86' lang='lat' dir='ltr'><strong>inmeritis</strong></span> <span class='ocrx_word' id='word_1_159' title='bbox 883 2233 988 2293; x_wconf 88' lang='lat' dir='ltr'><strong>incuso</strong></span> <span class='ocrx_word' id='word_1_160' title='bbox 1011 2230 1172 2310; x_wconf 79' lang='lat' dir='ltr'><strong>querellis?</strong></span> 
     </span>
    </p>

    <p class='ocr_par' dir='ltr' id='par_1_24' title="bbox 270 2318 1043 2398">
     <span class='ocr_line' id='line_1_25' title="bbox 270 2318 1043 2398; baseline 0 -20"><span class='ocrx_word' id='word_1_161' title='bbox 270 2318 334 2398; x_wconf 90' lang='lat' dir='ltr'><strong>ipsa</strong></span> <span class='ocrx_word' id='word_1_162' title='bbox 356 2319 432 2397; x_wconf 85' lang='lat' dir='ltr'><strong>lugit</strong></span> <span class='ocrx_word' id='word_1_163' title='bbox 452 2325 594 2398; x_wconf 86' lang='lat' dir='ltr'><strong>tantoque</strong></span> <span class='ocrx_word' id='word_1_164' title='bbox 617 2320 724 2396; x_wconf 83' lang='lat' dir='ltr'><strong>(netas)</strong></span> <span class='ocrx_word' id='word_1_165' title='bbox 747 2319 809 2398; x_wconf 91' lang='lat' dir='ltr'><strong>ipsa</strong></span> <span class='ocrx_word' id='word_1_166' title='bbox 831 2319 914 2380; x_wconf 86' lang='lat' dir='ltr'><strong>ardet</strong></span> <span class='ocrx_word' id='word_1_167' title='bbox 934 2336 1043 2378; x_wconf 91' lang='lat' dir='ltr'><strong>amore.</strong></span> 
     </span>
    </p>
   </div>
   <div class='ocr_carea' id='block_1_3' title="bbox 191 2567 1256 3796">
    <p class='ocr_par' dir='ltr' id='par_1_25' title="bbox 423 2567 982 2635">
     <span class='ocr_line' id='line_1_26' title="bbox 423 2567 982 2635; baseline 0.004 -17"><span class='ocrx_word' id='word_1_168' title='bbox 423 2567 517 2618; x_wconf 87' lang='lat' dir='ltr'><strong>occidit</strong></span> <span class='ocrx_word' id='word_1_169' title='bbox 533 2567 633 2630; x_wconf 83' lang='lat' dir='ltr'><strong>Aeetes,</strong></span> <span class='ocrx_word' id='word_1_170' title='bbox 652 2583 712 2620; x_wconf 90' lang='lat' dir='ltr'><strong>casu</strong></span> <span class='ocrx_word' id='word_1_171' title='bbox 728 2569 860 2634; x_wconf 90' lang='lat' dir='ltr'><strong>perculsus</strong></span> <span class='ocrx_word' id='word_1_172' title='bbox 878 2571 982 2635; x_wconf 52' lang='lat' dir='ltr'><strong>acerbe*</strong></span> 
     </span>
    </p>

    <p class='ocr_par' dir='ltr' id='par_1_26' title="bbox 390 2633 1037 2706">
     <span class='ocr_line' id='line_1_27' title="bbox 390 2633 1037 2706; baseline 0.002 -18"><span class='ocrx_word' id='word_1_173' title='bbox 390 2637 484 2688; x_wconf 89' lang='lat' dir='ltr'><strong>stratus</strong></span> <span class='ocrx_word' id='word_1_174' title='bbox 502 2633 579 2686; x_wconf 91' lang='lat' dir='ltr'><strong>humi.</strong></span> <span class='ocrx_word' id='word_1_175' title='bbox 615 2649 687 2689; x_wconf 85' lang='lat' dir='ltr'><strong>carae</strong></span> <span class='ocrx_word' id='word_1_176' title='bbox 704 2635 819 2703; x_wconf 83' lang='lat' dir='ltr'><strong>relegens</strong></span> <span class='ocrx_word' id='word_1_177' title='bbox 837 2638 945 2706; x_wconf 80' lang='lat' dir='ltr'><strong>vestigia</strong></span> <span class='ocrx_word' id='word_1_178' title='bbox 963 2644 1037 2690; x_wconf 91' lang='lat' dir='ltr'><strong>natae</strong></span> 
     </span>
    </p>

    <p class='ocr_par' dir='ltr' id='par_1_27' title="bbox 391 2701 1127 2774">
     <span class='ocr_line' id='line_1_28' title="bbox 391 2701 1127 2774; baseline 0.008 -19"><span class='ocrx_word' id='word_1_179' title='bbox 391 2703 434 2755; x_wconf 89' lang='lat' dir='ltr'><strong>dat</strong></span> <span class='ocrx_word' id='word_1_180' title='bbox 452 2703 561 2770; x_wconf 87' lang='lat' dir='ltr'><strong>gemitus</strong></span> <span class='ocrx_word' id='word_1_181' title='bbox 584 2701 751 2770; x_wconf 84' lang='lat' dir='ltr'><strong>lacrimasque</strong></span> <span class='ocrx_word' id='word_1_182' title='bbox 768 2703 843 2755; x_wconf 91' lang='lat' dir='ltr'><strong>simul</strong></span> <span class='ocrx_word' id='word_1_183' title='bbox 860 2721 988 2774; x_wconf 91' lang='lat' dir='ltr'><strong>vocesque</strong></span> <span class='ocrx_word' id='word_1_184' title='bbox 1005 2709 1127 2762; x_wconf 83' lang='lat' dir='ltr'><strong>resorbet.</strong></span> 
     </span>
    </p>

    <p class='ocr_par' dir='ltr' id='par_1_28' title="bbox 389 2771 1068 2840">
     <span class='ocr_line' id='line_1_29' title="bbox 389 2771 1068 2840; baseline 0.006 -17"><span class='ocrx_word' id='word_1_185' title='bbox 389 2773 438 2824; x_wconf 91' lang='lat' dir='ltr'><strong>hen</strong></span> <span class='ocrx_word' id='word_1_186' title='bbox 456 2773 544 2824; x_wconf 89' lang='lat' dir='ltr'><strong>miser!</strong></span> <span class='ocrx_word' id='word_1_187' title='bbox 563 2773 683 2825; x_wconf 87' lang='lat' dir='ltr'><strong>attollens</strong></span> <span class='ocrx_word' id='word_1_188' title='bbox 700 2771 827 2824; x_wconf 82' lang='lat' dir='ltr'><strong>foedatam</strong></span> <span class='ocrx_word' id='word_1_189' title='bbox 844 2774 949 2840; x_wconf 88' lang='lat' dir='ltr'><strong>pulvere</strong></span> <span class='ocrx_word' id='word_1_190' title='bbox 965 2774 1068 2827; x_wconf 85' lang='lat' dir='ltr'><strong>tandem</strong></span> 
     </span>
    </p>

    <p class='ocr_par' dir='ltr' id='par_1_29' title="bbox 390 2841 985 2908">
     <span class='ocr_line' id='line_1_30' title="bbox 390 2841 985 2908; baseline 0.003 -16"><span class='ocrx_word' id='word_1_191' title='bbox 390 2841 519 2894; x_wconf 79' lang='lat' dir='ltr'><strong>caniciem.</strong></span> <span class='ocrx_word' id='word_1_192' title='bbox 537 2845 674 2907; x_wconf 85' lang='lat' dir='ltr'><strong>poterasne</strong></span> <span class='ocrx_word' id='word_1_193' title='bbox 690 2845 734 2894; x_wconf 89' lang='lat' dir='ltr'><strong>tuo</strong></span> <span class='ocrx_word' id='word_1_194' title='bbox 753 2842 870 2892; x_wconf 89' lang='lat' dir='ltr'><strong>nocuisse</strong></span> <span class='ocrx_word' id='word_1_195' title='bbox 887 2843 985 2908; x_wconf 85' lang='lat' dir='ltr'><strong>parenti</strong></span> 
     </span>
    </p>

    <p class='ocr_par' dir='ltr' id='par_1_30' title="bbox 391 2909 1081 2974">
     <span class='ocr_line' id='line_1_31' title="bbox 391 2909 1081 2974; baseline 0.004 -15"><span class='ocrx_word' id='word_1_196' title='bbox 391 2909 452 2974; x_wconf 86' lang='lat' dir='ltr'><strong>lilia,</strong></span> <span class='ocrx_word' id='word_1_197' title='bbox 470 2910 524 2960; x_wconf 87' lang='lat' dir='ltr'><strong>sota</strong></span> <span class='ocrx_word' id='word_1_198' title='bbox 541 2924 613 2960; x_wconf 87' lang='lat' dir='ltr'><strong>meae</strong></span> <span class='ocrx_word' id='word_1_199' title='bbox 630 2925 689 2974; x_wconf 87' lang='lat' dir='ltr'><strong>spes</strong></span> <span class='ocrx_word' id='word_1_200' title='bbox 706 2925 757 2961; x_wconf 91' lang='lat' dir='ltr'><strong>non</strong></span> <span class='ocrx_word' id='word_1_201' title='bbox 774 2909 878 2974; x_wconf 76' lang='lat' dir='ltr'><strong>indigna</strong></span> <span class='ocrx_word' id='word_1_202' title='bbox 895 2915 1030 2964; x_wconf 82' lang='lat' dir='ltr'><strong>senectae?</strong></span> <span class='ocrx_word' id='word_1_203' title='bbox 1078 2967 1081 2974; x_wconf 51' lang='grc'>,</span> 
     </span>
    </p>

    <p class='ocr_par' dir='ltr' id='par_1_31' title="bbox 392 2975 999 3044">
     <span class='ocr_line' id='line_1_32' title="bbox 392 2975 999 3044; baseline 0.007 -16"><span class='ocrx_word' id='word_1_204' title='bbox 392 2976 491 3028; x_wconf 89' lang='lat' dir='ltr'><strong>duceris</strong></span> <span class='ocrx_word' id='word_1_205' title='bbox 508 2992 522 3026; x_wconf 90' lang='lat' dir='ltr'><strong>a</strong></span> <span class='ocrx_word' id='word_1_206' title='bbox 539 2975 632 3044; x_wconf 88' lang='lat' dir='ltr'><strong>Minyis</strong></span> <span class='ocrx_word' id='word_1_207' title='bbox 650 2977 748 3029; x_wconf 85' lang='lat' dir='ltr'><strong>furtim:</strong></span> <span class='ocrx_word' id='word_1_208' title='bbox 768 2977 885 3044; x_wconf 91' lang='lat' dir='ltr'><strong>dulcique</strong></span> <span class='ocrx_word' id='word_1_209' title='bbox 902 2979 999 3032; x_wconf 88' lang='lat' dir='ltr'><strong>carebis</strong></span> 
     </span>
    </p>

    <p class='ocr_par' dir='ltr' id='par_1_32' title="bbox 390 3043 1056 3113">
     <span class='ocr_line' id='line_1_33' title="bbox 390 3043 1056 3113; baseline 0.008 -19"><span class='ocrx_word' id='word_1_210' title='bbox 390 3043 518 3110; x_wconf 84' lang='lat' dir='ltr'><strong>coniugio,</strong></span> <span class='ocrx_word' id='word_1_211' title='bbox 534 3043 600 3094; x_wconf 87' lang='lat' dir='ltr'><strong>laeta</strong></span> <span class='ocrx_word' id='word_1_212' title='bbox 619 3047 644 3094; x_wconf 88' lang='lat' dir='ltr'><strong>et</strong></span> <span class='ocrx_word' id='word_1_213' title='bbox 661 3061 797 3113; x_wconf 87' lang='lat' dir='ltr'><strong>numquam</strong></span> <span class='ocrx_word' id='word_1_214' title='bbox 815 3045 942 3112; x_wconf 90' lang='lat' dir='ltr'><strong>praedone</strong></span> <span class='ocrx_word' id='word_1_215' title='bbox 959 3048 1056 3099; x_wconf 88' lang='lat' dir='ltr'><strong>marito.</strong></span> 
     </span>
    </p>

    <p class='ocr_par' dir='ltr' id='par_1_33' title="bbox 391 3111 1075 3180">
     <span class='ocr_line' id='line_1_34' title="bbox 391 3111 1075 3180; baseline 0.01 -18"><span class='ocrx_word' id='word_1_216' title='bbox 391 3111 431 3162; x_wconf 89' lang='lat' dir='ltr'><strong>hic</strong></span> <span class='ocrx_word' id='word_1_217' title='bbox 447 3111 520 3164; x_wconf 89' lang='lat' dir='ltr'><strong>labor</strong></span> <span class='ocrx_word' id='word_1_218' title='bbox 537 3115 584 3175; x_wconf 89' lang='lat' dir='ltr'><strong>est,</strong></span> <span class='ocrx_word' id='word_1_219' title='bbox 602 3112 721 3180; x_wconf 80' lang='lat' dir='ltr'><strong>Absyrte‚</strong></span> <span class='ocrx_word' id='word_1_220' title='bbox 738 3118 808 3173; x_wconf 88' lang='lat' dir='ltr'><strong>tuus;</strong></span> <span class='ocrx_word' id='word_1_221' title='bbox 826 3129 946 3166; x_wconf 88' lang='lat' dir='ltr'><strong>revocare</strong></span> <span class='ocrx_word' id='word_1_222' title='bbox 963 3131 1075 3168; x_wconf 85' lang='lat' dir='ltr'><strong>sororem</strong></span> 
     </span>
    </p>

    <p class='ocr_par' dir='ltr' id='par_1_34' title="bbox 392 3179 1033 3249">
     <span class='ocr_line' id='line_1_35' title="bbox 392 3179 1033 3249; baseline 0.011 -20"><span class='ocrx_word' id='word_1_223' title='bbox 392 3179 503 3246; x_wconf 90' lang='lat' dir='ltr'><strong>vndique</strong></span> <span class='ocrx_word' id='word_1_224' title='bbox 521 3180 640 3232; x_wconf 86' lang='lat' dir='ltr'><strong>selectam</strong></span> <span class='ocrx_word' id='word_1_225' title='bbox 658 3181 762 3246; x_wconf 78' lang='lat' dir='ltr'><strong>pubem:</strong></span> <span class='ocrx_word' id='word_1_226' title='bbox 780 3182 830 3232; x_wconf 85' lang='lat' dir='ltr'><strong>iarn</strong></span> <span class='ocrx_word' id='word_1_227' title='bbox 848 3182 929 3236; x_wconf 87' lang='lat' dir='ltr'><strong>classe</strong></span> <span class='ocrx_word' id='word_1_228' title='bbox 946 3189 1033 3249; x_wconf 79' lang='lat' dir='ltr'><strong>parata</strong></span> 
     </span>
    </p>

    <p class='ocr_par' dir='ltr' id='par_1_35' title="bbox 392 3246 1094 3319">
     <span class='ocr_line' id='line_1_36' title="bbox 392 3246 1094 3319; baseline 0.011 -21"><span class='ocrx_word' id='word_1_229' title='bbox 392 3251 417 3298; x_wconf 89' lang='lat' dir='ltr'><strong>et</strong></span> <span class='ocrx_word' id='word_1_230' title='bbox 434 3252 522 3300; x_wconf 87' lang='lat' dir='ltr'><strong>nostro</strong></span> <span class='ocrx_word' id='word_1_231' title='bbox 540 3246 572 3297; x_wconf 86' lang='lat' dir='ltr'><strong>da</strong></span> <span class='ocrx_word' id='word_1_232' title='bbox 588 3248 645 3300; x_wconf 86' lang='lat' dir='ltr'><strong>vela</strong></span> <span class='ocrx_word' id='word_1_233' title='bbox 663 3250 732 3301; x_wconf 89' lang='lat' dir='ltr'><strong>mari.</strong></span> <span class='ocrx_word' id='word_1_234' title='bbox 766 3253 819 3302; x_wconf 87' lang='lat' dir='ltr'><strong>tum</strong></span> <span class='ocrx_word' id='word_1_235' title='bbox 836 3250 879 3302; x_wconf 92' lang='lat' dir='ltr'><strong>ille</strong></span> <span class='ocrx_word' id='word_1_236' title='bbox 894 3251 1002 3319; x_wconf 81' lang='lat' dir='ltr'><strong>impiger</strong></span> <span class='ocrx_word' id='word_1_237' title='bbox 1019 3270 1094 3308; x_wconf 89' lang='lat' dir='ltr'><strong>omen</strong></span> 
     </span>
    </p>

    <p class='ocr_par' dir='ltr' id='par_1_36' title="bbox 391 3315 1005 3386">
     <span class='ocr_line' id='line_1_37' title="bbox 391 3315 1005 3386; baseline 0.011 -21"><span class='ocrx_word' id='word_1_238' title='bbox 391 3315 495 3382; x_wconf 89' lang='lat' dir='ltr'><strong>accipit:</strong></span> <span class='ocrx_word' id='word_1_239' title='bbox 513 3320 539 3367; x_wconf 90' lang='lat' dir='ltr'><strong>et</strong></span> <span class='ocrx_word' id='word_1_240' title='bbox 556 3316 641 3382; x_wconf 77' lang='lat' dir='ltr'><strong>magni</strong></span> <span class='ocrx_word' id='word_1_241' title='bbox 658 3317 735 3369; x_wconf 89' lang='lat' dir='ltr'><strong>subiit</strong></span> <span class='ocrx_word' id='word_1_242' title='bbox 752 3317 869 3370; x_wconf 83' lang='lat' dir='ltr'><strong>mandata</strong></span> <span class='ocrx_word' id='word_1_243' title='bbox 884 3321 1005 3386; x_wconf 89' lang='lat' dir='ltr'><strong>parentis.</strong></span> 
     </span>
    </p>

    <p class='ocr_par' dir='ltr' id='par_1_37' title="bbox 390 3381 972 3452">
     <span class='ocr_line' id='line_1_38' title="bbox 390 3381 972 3452; baseline 0.012 -20"><span class='ocrx_word' id='word_1_244' title='bbox 390 3381 485 3435; x_wconf 90' lang='lat' dir='ltr'><strong>interea</strong></span> <span class='ocrx_word' id='word_1_245' title='bbox 502 3384 561 3436; x_wconf 85' lang='lat' dir='ltr'><strong>velo</strong></span> <span class='ocrx_word' id='word_1_246' title='bbox 578 3386 704 3452; x_wconf 89' lang='lat' dir='ltr'><strong>remisque</strong></span> <span class='ocrx_word' id='word_1_247' title='bbox 720 3385 834 3437; x_wconf 83' lang='lat' dir='ltr'><strong>feruntur</strong></span> <span class='ocrx_word' id='word_1_248' title='bbox 850 3385 875 3437; x_wconf 92' lang='lat' dir='ltr'><strong>in</strong></span> <span class='ocrx_word' id='word_1_249' title='bbox 894 3387 972 3440; x_wconf 88' lang='lat' dir='ltr'><strong>altum</strong></span> 
     </span>
    </p>

    <p class='ocr_par' dir='ltr' id='par_1_38' title="bbox 392 3451 980 3522">
     <span class='ocr_line' id='line_1_39' title="bbox 392 3451 980 3522; baseline 0.015 -22"><span class='ocrx_word' id='word_1_250' title='bbox 392 3451 505 3502; x_wconf 83' lang='lat' dir='ltr'><strong>certatim</strong></span> <span class='ocrx_word' id='word_1_251' title='bbox 522 3451 635 3520; x_wconf 84' lang='lat' dir='ltr'><strong>Minyae:</strong></span> <span class='ocrx_word' id='word_1_252' title='bbox 654 3455 734 3506; x_wconf 87' lang='lat' dir='ltr'><strong>solers</strong></span> <span class='ocrx_word' id='word_1_253' title='bbox 752 3454 878 3521; x_wconf 90' lang='lat' dir='ltr'><strong>Neptunia</strong></span> <span class='ocrx_word' id='word_1_254' title='bbox 895 3457 980 3522; x_wconf 90' lang='lat' dir='ltr'><strong>proles</strong></span> 
     </span>
    </p>

    <p class='ocr_par' dir='ltr' id='par_1_39' title="bbox 392 3518 1050 3585">
     <span class='ocr_line' id='line_1_40' title="bbox 392 3518 1050 3585; baseline 0.011 -16"><span class='ocrx_word' id='word_1_255' title='bbox 392 3518 509 3585; x_wconf 88' lang='lat' dir='ltr'><strong>consulit,</strong></span> <span class='ocrx_word' id='word_1_256' title='bbox 526 3525 554 3572; x_wconf 90' lang='lat' dir='ltr'><strong>ut</strong></span> <span class='ocrx_word' id='word_1_257' title='bbox 572 3521 650 3574; x_wconf 86' lang='lat' dir='ltr'><strong>dubio</strong></span> <span class='ocrx_word' id='word_1_258' title='bbox 668 3526 774 3574; x_wconf 89' lang='lat' dir='ltr'><strong>caveant</strong></span> <span class='ocrx_word' id='word_1_259' title='bbox 792 3524 945 3576; x_wconf 88' lang='lat' dir='ltr'><strong>contendere</strong></span> <span class='ocrx_word' id='word_1_260' title='bbox 963 3542 1050 3578; x_wconf 89' lang='lat' dir='ltr'><strong>cursu:</strong></span> 
     </span>
    </p>

    <p class='ocr_par' dir='ltr' id='par_1_40' title="bbox 344 3588 917 3662">
     <span class='ocr_line' id='line_1_41' title="bbox 344 3588 917 3662; baseline 0.012 -25"><span class='ocrx_word' id='word_1_261' title='bbox 344 3653 349 3662; x_wconf 35' lang='grc' dir='ltr'>Ι</span> <span class='ocrx_word' id='word_1_262' title='bbox 391 3590 416 3638; x_wconf 90' lang='lat' dir='ltr'><strong>et</strong></span> <span class='ocrx_word' id='word_1_263' title='bbox 433 3601 544 3652; x_wconf 87' lang='lat' dir='ltr'><strong>securus,</strong></span> <span class='ocrx_word' id='word_1_264' title='bbox 561 3588 604 3654; x_wconf 89' lang='lat' dir='ltr'><strong>ait,</strong></span> <span class='ocrx_word' id='word_1_265' title='bbox 620 3590 694 3644; x_wconf 87' lang='lat' dir='ltr'><strong>nobis</strong></span> <span class='ocrx_word' id='word_1_266' title='bbox 712 3596 738 3642; x_wconf 90' lang='lat' dir='ltr'><strong>et</strong></span> <span class='ocrx_word' id='word_1_267' title='bbox 753 3591 831 3645; x_wconf 87' lang='lat' dir='ltr'><strong>tutior</strong></span> <span class='ocrx_word' id='word_1_268' title='bbox 847 3592 917 3644; x_wconf 86' lang='lat' dir='ltr'><strong>Ister.</strong></span> 
     </span>
    </p>

    <p class='ocr_par' dir='ltr' id='par_1_41' title="bbox 191 3651 1256 3796">
     <span class='ocr_line' id='line_1_42' title="bbox 192 3651 1255 3728; baseline 0.005 -24"><span class='ocrx_word' id='word_1_269' title='bbox 192 3655 246 3706; x_wconf 84' lang='grc'><strong>136.</strong></span> <span class='ocrx_word' id='word_1_270' title='bbox 265 3651 363 3704; x_wconf 80' lang='lat' dir='ltr'><strong>inflexit</strong></span> <span class='ocrx_word' id='word_1_271' title='bbox 381 3653 421 3717; x_wconf 88' lang='lat' dir='ltr'><strong>M,</strong></span> <span class='ocrx_word' id='word_1_272' title='bbox 439 3654 525 3706; x_wconf 71' lang='lat' dir='ltr'><strong>infelix</strong></span> <span class='ocrx_word' id='word_1_273' title='bbox 543 3656 604 3708; x_wconf 87' lang='lat' dir='ltr'><strong>Sch.</strong></span> <span class='ocrx_word' id='word_1_274' title='bbox 690 3665 752 3725; x_wconf 83' lang='lat' dir='ltr'><strong>post</strong></span> <span class='ocrx_word' id='word_1_275' title='bbox 771 3661 818 3712; x_wconf 86' lang='lat'><strong>139</strong></span> <span class='ocrx_word' id='word_1_276' title='bbox 836 3661 1002 3713; x_wconf 76' lang='lat' dir='ltr'><strong>intercidisse</strong></span> <span class='ocrx_word' id='word_1_277' title='bbox 1020 3664 1151 3728; x_wconf 81' lang='lat' dir='ltr'><strong>quaedam</strong></span> <span class='ocrx_word' id='word_1_278' title='bbox 1167 3664 1255 3716; x_wconf 74' lang='lat' dir='ltr'><strong>statuit</strong></span> 
     </span>
     <span class='ocr_line' id='line_1_43' title="bbox 191 3719 1256 3796; baseline 0.005 -22"><span class='ocrx_word' id='word_1_279' title='bbox 191 3719 365 3774; x_wconf 78' lang='lat' dir='ltr'><strong>Wciclacrtus.</strong></span> <span class='ocrx_word' id='word_1_280' title='bbox 383 3725 441 3774; x_wconf 82' lang='lat' dir='ltr'><strong>veri</strong></span> <span class='ocrx_word' id='word_1_281' title='bbox 448 3724 562 3774; x_wconf 76' lang='lat' dir='ltr'><strong>similius</strong></span> <span class='ocrx_word' id='word_1_282' title='bbox 571 3731 609 3776; x_wconf 76' lang='lat' dir='ltr'><strong>eet</strong></span> <span class='ocrx_word' id='word_1_283' title='bbox 623 3733 730 3792; x_wconf 83' lang='lat' dir='ltr'><strong>poetam</strong></span> <span class='ocrx_word' id='word_1_284' title='bbox 747 3732 838 3793; x_wconf 78' lang='lat' dir='ltr'><strong>partae</strong></span> <span class='ocrx_word' id='word_1_285' title='bbox 857 3734 960 3780; x_wconf 73' lang='lat' dir='ltr'><strong>lachem</strong></span> <span class='ocrx_word' id='word_1_286' title='bbox 979 3731 1084 3796; x_wconf 81' lang='lat' dir='ltr'><strong>aliquae</strong></span> <span class='ocrx_word' id='word_1_287' title='bbox 1101 3733 1181 3783; x_wconf 79' lang='lat' dir='ltr'><strong>huius</strong></span> <span class='ocrx_word' id='word_1_288' title='bbox 1199 3731 1256 3782; x_wconf 81' lang='lat' dir='ltr'><strong>libri</strong></span> 
     </span>
    </p>
   </div>
   <div class='ocr_carea' id='block_1_4' title="bbox 188 3791 1254 3912">
    <p class='ocr_par' dir='ltr' id='par_1_42' title="bbox 188 3791 1254 3912">
     <span class='ocr_line' id='line_1_44' title="bbox 190 3791 1254 3867; baseline 0.008 -28"><span class='ocrx_word' id='word_1_289' title='bbox 190 3792 356 3852; x_wconf 71' lang='lat' dir='ltr'><strong>emarcuisse,</strong></span> <span class='ocrx_word' id='word_1_290' title='bbox 374 3806 434 3842; x_wconf 85' lang='lat' dir='ltr'><strong>cum</strong></span> <span class='ocrx_word' id='word_1_291' title='bbox 452 3795 542 3844; x_wconf 73' lang='lat' dir='ltr'><strong>omnic</strong></span> <span class='ocrx_word' id='word_1_292' title='bbox 560 3791 617 3854; x_wconf 78' lang='lat' dir='ltr'><strong>fere</strong></span> <span class='ocrx_word' id='word_1_293' title='bbox 634 3797 762 3848; x_wconf 80' lang='lat' dir='ltr'><strong>incohata</strong></span> <span class='ocrx_word' id='word_1_294' title='bbox 780 3799 866 3861; x_wconf 74' lang='lat' dir='ltr'><strong>magis</strong></span> <span class='ocrx_word' id='word_1_295' title='bbox 884 3813 964 3864; x_wconf 85' lang='lat' dir='ltr'><strong>quam</strong></span> <span class='ocrx_word' id='word_1_296' title='bbox 978 3798 1102 3866; x_wconf 74' lang='lat' dir='ltr'><strong>perfecta</strong></span> <span class='ocrx_word' id='word_1_297' title='bbox 1120 3806 1198 3867; x_wconf 83' lang='lat' dir='ltr'><strong>atque</strong></span> <span class='ocrx_word' id='word_1_298' title='bbox 1215 3799 1254 3850; x_wconf 82' lang='lat' dir='ltr'><strong>cl-</strong></span> 
     </span>
     <span class='ocr_line' id='line_1_45' title="bbox 188 3858 515 3912; baseline 0.015 -5"><span class='ocrx_word' id='word_1_299' title='bbox 188 3858 276 3908; x_wconf 80' lang='lat' dir='ltr'><strong>scluta</strong></span> <span class='ocrx_word' id='word_1_300' title='bbox 294 3874 347 3910; x_wconf 78' lang='lat' dir='ltr'><strong>creo</strong></span> <span class='ocrx_word' id='word_1_301' title='bbox 364 3859 515 3912; x_wconf 76' lang='lat' dir='ltr'><strong>videantur.</strong></span> 
     </span>
    </p>
   </div>
   <div class='ocr_carea' id='block_1_5' title="bbox 0 0 1402 4350">
    <p class='ocr_par' dir='ltr' id='par_1_43' title="bbox 0 0 1402 4350">
     <span class='ocr_line' id='line_1_46' title="bbox 0 0 1402 4350; baseline 0 0"><span class='ocrx_word' id='word_1_302' title='bbox 0 0 1402 4350; x_wconf 95' lang='lat' dir='ltr'><strong> </strong></span> 
     </span>
    </p>
   </div>
  </div>
 </body>
</html>
