2780 4350
661 197 687 248 (l.
704 193 823 247 vannat
840 193 951 246 mauu!

319 352 440 414 dixerat.
484 351 630 430 externplo
652 353 731 427 (nam
753 349 810 410 iam
831 358 945 410 matura
966 347 1092 409 ruebant

319 437 414 498 sidera
436 442 465 497 et
486 443 648 496 extremum
671 435 820 502 suffixerat
841 453 893 494 axe
915 433 1039 508 booten)

319 539 387 583 cum
410 520 519 599 gemitu
541 527 571 581 et
591 519 684 580 multo
706 518 804 579 iuueni
824 517 1018 580 medicamina
1037 516 1109 579 tletu

319 625 380 667 non
404 623 490 666 secus
512 623 545 665 ac
567 603 690 683 patriam
711 603 823 683 pariter
843 603 1008 681 famamque
1030 601 1182 680 decusque

319 689 418 750 obicit.
462 689 511 750 ille
531 707 621 749 mann
643 686 723 748 subit
744 696 773 748 et
793 688 851 748 vim
873 687 996 766 corripit
1017 705 1145 747 omnem.
1310 696 1347 747 tto

361 774 433 834 lnde
454 773 506 835 ubi
526 774 602 834 facta
625 791 736 834 nocens
758 780 788 834 et
809 791 870 832 non
893 771 1064 833 revocabilis
1087 789 1227 851 umquam

320 858 409 921 cessit
430 857 466 919 ab
488 875 540 918 ore
562 857 658 937 pudor
679 857 862 936 propiorque
883 855 1006 936 inplevit
1027 855 1146 935 Erinys,

319 943 449 1005 carmina
471 961 552 1003 nunc
573 949 650 1003 totos
663 942 759 1021 ‘volvit
779 941 901 1021 figitque
924 959 977 1020 per
998 948 1079 1001 artus

319 1028 482 1089 Aesonidae
505 1036 533 1088 et
554 1033 649 1088 totum
670 1035 794 1105 septeno
815 1042 968 1086 murmure
989 1026 1084 1085 fertur

319 1130 373 1193 per
395 1112 523 1192 clipeum
545 1119 633 1190 atque
653 1112 716 1171 viro
739 1111 901 1190 graviorem
922 1109 1047 1171 reddidit
1068 1109 1196 1184 hastam;
1302 1117 1337 1168 tat

319 1198 437 1276 iamque
458 1195 505 1257 sui
527 1196 619 1257 tauris
640 1194 783 1274 languent
804 1193 975 1256 absentibus
997 1194 1090 1272 ignes.

316 1277 411 1342 ‘nunc
434 1300 487 1360 age
510 1289 539 1341 et
559 1275 620 1341 hns'
644 1279 742 1358 inquit
760 1273 878 1341 ‘cristas
899 1279 1070 1357 galeamque
1091 1297 1220 1354 resume,

318 1384 407 1443 quam
429 1366 518 1427 modo
539 1365 663 1426 funerea
684 1364 779 1425 tenuit
800 1363 953 1425 Discordia
974 1363 1082 1424 dextra.
1308 1429 1310 1434 ,

319 1450 395 1510 hanc
418 1449 480 1510 iace
501 1467 555 1528 per
576 1448 695 1522 medias,
718 1467 786 1510 cum
807 1448 929 1509 verteris
950 1466 1088 1526 aequora,
1112 1464 1238 1521 messes;

318 1533 457 1614 protinus
480 1532 511 1592 in
534 1551 599 1594 sese
621 1551 762 1594 conversa
782 1532 934 1594 furoribus
956 1533 1010 1593 ibit
1301 1536 1334 1588 ttl

318 1627 426 1680 cuncta
446 1617 584 1698 phalanx,
606 1625 694 1696 atque
716 1617 780 1697 ipse
800 1617 931 1678 fremens
952 1616 1106 1678 mirabitur
1129 1623 1158 1677 et
1177 1634 1225 1678 me

300 1702 457 1783 respiciet
478 1702 602 1763 sortasse
623 1697 724 1782 pater.³
770 1703 813 1763 sic
835 1701 941 1764 deinde
962 1702 1060 1763 locuta

317 1788 375 1848 iam
397 1787 490 1866 magis
511 1795 598 1865 atque
619 1788 712 1865 magis
733 1794 862 1848 mentem
884 1805 975 1865 super
995 1786 1052 1847 alta
1073 1785 1186 1847 ferebat

318 1891 455 1950 aequora,
478 1871 641 1951 pandentes
662 1871 776 1950 Minyas
798 1871 854 1932 iam
875 1871 938 1932 vela
959 1871 1074 1933 videbat

318 1975 350 2018 se
372 1956 446 2018 sine.
490 1964 553 2016 tum
575 1974 644 2017 vero
668 1963 798 2016 extremo
820 1972 960 2035 percussa
983 1955 1084 2016 dolore
1296 1958 1330 2010 tlt

318 2040 422 2119 arripit
444 2038 612 2100 Aesoniden
636 2040 735 2100 dextra
756 2058 790 2101 ac
812 2041 967 2102 summissa
989 2041 1139 2119 protatur:

315 2117 370 2184 ‘sis
391 2141 514 2200 memor,
538 2141 601 2197 oro,
624 2123 691 2198 mei,
714 2133 816 2185 cenna
837 2141 951 2186 memor
972 2124 1036 2204 ipsa
1057 2123 1192 2196 manebo,

222 2264 226 2276 ,
319 2210 415 2284 crede,
438 2208 491 2269 tui.
537 2209 654 2286 quando
676 2208 747 2269 hinc
768 2209 874 2285 aberis,
897 2209 944 2271 dic
967 2227 1086 2288 quaeso,
1109 2206 1246 2288 profundi

318 2295 398 2373 quod
420 2292 493 2354 caeli
515 2293 653 2373 spectabo
676 2292 780 2354 latus?
802 2295 854 2356 sed
874 2302 904 2354 tc
925 2312 1045 2372 quoque
1063 2300 1163 2372 tangat

318 2397 389 2440 eura
410 2378 469 2439 mei
491 2396 680 2456 quocumque
702 2379 778 2452 loco,
800 2396 1004 2458 quoscumque
1026 2396 1080 2457 per
1101 2395 1211 2451 annos3
1296 2379 1329 2430 bt

318 2463 413 2540 adque
435 2463 517 2522 hunc
536 2471 567 2523 te
588 2463 758 2524 meminisse
779 2462 850 2524 velis
872 2471 902 2524 et
923 2469 1024 2524 nostra
1045 2462 1130 2524 lateri

318 2561 452 2619 munera,
475 2553 620 2607 servatum
642 2547 751 2625 pudeat
771 2565 827 2608 nec
848 2547 969 2626 virginis
992 2555 1063 2608 arte.

319 2628 346 2688 ei
368 2628 449 2704 mibi,
472 2646 527 2689 cur
547 2629 622 2690 nulli
644 2630 785 2709 tinguunt
804 2640 855 2692 tua
875 2632 987 2692 lumina
1008 2629 1118 2694 denis?

319 2732 357 2774 an
379 2732 426 2774 me
448 2732 516 2774 mox
537 2714 640 2776 merita
661 2715 834 2777 morituram
855 2716 947 2796 patris
968 2716 1005 2777 ab
1028 2717 1070 2777 ira

318 2797 508 2860 dissimulas?
530 2807 559 2860 te
580 2818 672 2879 regna
693 2808 761 2861 tuae
781 2800 877 2862 felicia
898 2801 1003 2881 gentis,
1295 2798 1325 2850 *ὅ

318 2890 347 2944 te
370 2883 500 2945 coniunx
524 2883 643 2962 natique
664 2889 800 2959 manent;
824 2903 878 2965 ego
901 2886 1016 2966 prodita
1038 2883 1136 2946 obibo.

317 2986 373 3028 nec
396 2985 506 3046 queror
527 2976 557 3028 et
578 2987 633 3047 pro
654 2977 684 3031 te
706 2970 804 3031 lucem
826 2989 946 3049 quoque
967 2971 1041 3032 laeta
1062 2959 1243 3047 relinquam?

316 3051 453 3131 protinus
474 3052 583 3131 hospes
605 3054 734 3115 adhaec
756 3054 861 3131 (tacitis
884 3073 953 3116 nam
974 3054 1109 3116 cantibus
1132 3052 1215 3114 illum

316 3136 436 3198 llexerat
457 3144 488 3197 et
509 3136 596 3197 simili
618 3138 780 3200 iandudum
801 3140 920 3200 adllarat
940 3141 1052 3215 amore)

313 3212 407 3281 ‘tune’
430 3221 471 3282 ait
481 3213 661 3284 ‘Aesoniden
682 3223 840 3302 quiequam
862 3232 891 3284 te
912 3223 985 3284 rebe
1006 3222 1108 3284 relicta
1292 3217 1322 3270 4⁹³

318 3303 413 3364 credis
435 3313 464 3365 et
484 3306 544 3366 ulla
565 3307 625 3384 pati
648 3307 763 3368 sinete
785 3306 871 3368 loca?
893 3308 981 3368 redde
1002 3314 1129 3386 tyranno

300 3489 358 3540 456.
376 3501 459 3553 neque
477 3488 544 3539 enim
561 3505 595 3553 u,
619 3503 677 3540 nam
700 3489 751 3540 iam
774 3487 820 3540 He.
841 3517 870 3528 -
896 3489 1030 3542 suffecerat
1046 3507 1079 3554 π,
1104 3480 1286 3541 sustinentem

231 3555 292 3622 (cfr.
310 3557 384 3620 499);
406 3554 528 3607 boontem
546 3555 584 3620 V,
601 3556 694 3608 boeten
711 3555 753 3616 Mt
781 3559 894 3608 extremo
911 3572 939 3608 se
956 3558 1059 3610 flexerat
1076 3571 1124 3609 axe
1140 3555 1232 3609 Bootes
1246 3546 1286 3601 He·

299 3623 358 3676 483.
376 3621 461 3674 nullos
478 3639 514 3686 rr,
538 3621 599 3673 nulli
617 3623 663 3674 Ha.
680 3652 715 3661 -
733 3623 910 3690 sulmmoto,
934 3625 1054 3692 linquunt
1071 3625 1131 3676 Sed.
1157 3622 1233 3688 (nullo
1248 3617 1285 3668 lin·

230 3694 344 3758 quuntur>
357 3689 452 3742 lumina
470 3690 533 3742 fletu
550 3689 688 3744 duonum.
707 3692 782 3758 opud
798 3691 907 3743 Sueten.
925 3694 962 3744 ad
977 3694 1057 3760 Prop.
1075 3692 1122 3758 lV,
1142 3695 1182 3757 11,
1198 3690 1247 3752 79).

231 3760 289 3812 486.
307 3763 432 3825 nataeque
449 3775 477 3823 π,
495 3757 599 3824 natique
617 3755 679 3812 Sed.
697 3787 732 3798 -
754 3759 881 3823 abibon,
905 3760 981 3812 obibo
1001 3759 1028 3813 C.
1115 3761 1175 3814 489.
1191 3753 1285 3808 adnoto

233 3824 265 3887 V,
284 3824 395 3877 adflabat
414 3824 450 3890 M,
468 3825 566 3876 afflarat
583 3826 623 3876 Ρὶ.
693 3829 750 3879 491.
768 3827 820 3893 peti
838 3844 866 3891 u,
884 3827 937 3893 pati
958 3827 1001 3879 Gr.
1021 3827 1072 3893 (tv,
1090 3829 1143 3892 21).
