2780 4350
590 215 615 266 G.
635 213 752 265 vntum
769 213 880 265 FLAGGl

255 390 310 451 per
331 371 469 451 clipeum,
492 387 546 449 per
567 377 672 449 pectus
693 368 762 444 abit,
786 369 928 448 lapsoque
950 379 1091 432 cruentus

255 456 368 518 advolat
389 455 550 516 Aesonides
572 462 756 531 mortemque
778 454 908 515 cadentis
929 455 1055 516 acerbat.
1254 470 1300 522 655

256 542 405 621 spargitur
426 541 496 602 hinc
517 539 693 616 miserisque
715 539 794 598 venit
816 539 873 599 iam
895 547 984 600 notus
1006 541 1115 602 Alanis.

299 629 336 686 nt
356 626 457 704 regina
479 625 574 685 virum
597 626 707 702 (neque
729 624 808 684 enim
830 625 902 684 deus
924 635 1037 685 amovet
1057 627 1169 705 ignem)

256 711 446 791 persequitur
467 711 595 771 lustrans
618 709 771 787 oculisque
793 705 963 770 ardentibus
985 712 1100 786 haeret;

257 797 364 857 etiam
387 797 459 857 laeta
481 795 581 855 minus
603 794 766 873 praesentis
789 794 916 873 imagine
938 813 1056 875 pugnae

256 881 436 961 castigatque
457 889 554 941 metus
576 887 604 940 et
627 897 700 957 quas
721 880 773 939 alit
793 879 886 940 inscia
908 899 1004 953 curas,

255 967 430 1046 respiciens,
453 985 489 1028 an
512 983 579 1025 vera
602 981 703 1039 soror;
726 983 782 1025 nec
804 965 924 1026 credere
945 966 1035 1026 falsos

256 1052 343 1112 audet
365 1059 447 1111 atrox
468 1051 567 1110 vultus
590 1050 749 1128 eademque
772 1049 801 1109 in
826 1050 929 1128 gaudia
951 1068 1056 1111 rursus

257 1136 365 1197 labitur
387 1145 416 1198 et
437 1155 537 1197 saevae
558 1135 684 1195 trahitur
706 1135 860 1195 dulcedine
882 1136 1024 1196 llammae.

257 1241 290 1282 ac
311 1222 390 1282 velut
412 1229 479 1282 ante
501 1239 599 1282 comas
621 1239 655 1281 ac
676 1237 789 1280 summa
810 1220 962 1281 cacumina
983 1220 1071 1280 silvae

257 1307 373 1367 lenibus
396 1307 506 1368 adludit
527 1307 625 1367 llabris
647 1305 718 1365 levis
740 1311 847 1378 auster,
871 1313 900 1364 at
921 1305 1004 1366 illum

256 1392 394 1471 protinus
417 1392 563 1452 inmanem
586 1391 709 1449 miserae
732 1407 851 1450 sensere
873 1390 1003 1470 carinae:

256 1475 322 1536 talis
344 1476 380 1535 ad
403 1483 548 1535 extremos
570 1473 666 1551 agitur
687 1474 786 1534 Medea
807 1476 934 1535 furores.

257 1561 404 1623 interdum
426 1560 548 1620 blandae
570 1560 689 1638 derepta
710 1559 831 1620 monilia
853 1559 934 1620 divae

257 1652 420 1706 contrectat
440 1644 609 1724 miseroque
630 1652 710 1724 aptat
730 1645 882 1723 flagrantia
905 1644 991 1720 collo,

257 1749 374 1810 quaque
396 1730 475 1792 dedit
496 1739 614 1792 teneros
636 1747 740 1791 aurum
762 1730 866 1790 furiale
889 1737 1054 1810 peractus,

257 1817 370 1890 deficit;
394 1835 428 1876 ac
449 1833 502 1877 sua
523 1816 604 1895 virgo
628 1815 698 1876 deae
719 1815 879 1893 gestamina
903 1814 1006 1888 reddit,

257 1920 317 1961 non
340 1901 472 1980 gemmis,
495 1919 557 1962 non
579 1900 627 1961 illa
649 1901 703 1961 levi
725 1900 839 1960 turbata
863 1900 990 1974 metallo,

256 1986 307 2046 sed
328 1985 451 2058 lacibus,
475 1986 526 2046 sed
548 1986 626 2046 mole
648 1985 704 2059 dei,
728 2003 816 2064 quem
838 1992 958 2063 pectore
980 1993 1042 2045 toto

256 2071 311 2130 iam
335 2077 432 2146 tenet;
456 2076 603 2130 extremus
624 2087 710 2129 roseo
733 2071 830 2148 pudor
852 2079 929 2130 errat
951 2070 982 2130 in
1005 2089 1065 2131 ore.

255 2173 289 2215 ac
310 2154 393 2233 prior
413 2153 475 2214 his:
495 2147 642 2215 ‘credisne
664 2161 776 2233 patrem
798 2155 943 2234 promissa
965 2156 1109 2230 daturum,

255 2259 272 2300 o
295 2257 389 2314 soror,
413 2240 567 2319 Argolicus
590 2239 637 2300 cui
659 2239 704 2299 dis
727 2239 897 2300 melioribus
919 2241 1027 2319 hospes

256 2323 403 2404 contigit?
425 2334 476 2386 aut
497 2325 565 2386 belli
588 2333 731 2404 quantum
754 2325 810 2386 iam
832 2333 921 2386 restat
943 2323 1063 2386 acerbi?

255 2411 313 2471 heu
336 2409 444 2489 quibus
466 2411 565 2488 ignota
588 2429 653 2471 sese
675 2427 730 2489 pro
753 2418 840 2490 gente
862 2410 984 2490 periclis

256 2490 370 2554 obicitl'
393 2495 465 2554 haec
485 2496 596 2555 fantem
617 2495 714 2555 medio
737 2495 768 2555 in
791 2513 928 2556 sermone
951 2494 1070 2574 reliquit

256 2578 365 2656 incepti
388 2579 444 2638 iam
467 2578 541 2638 luno
565 2586 670 2658 potens
693 2595 856 2658 securaque
876 2580 997 2641 fraudis.

298 2662 426 2723 Inminet
448 2681 464 2722 e
487 2663 573 2724 celsis
595 2664 750 2725 audentius
773 2663 896 2743 inproba
918 2664 1012 2726 muris

254 2748 335 2828 virgo
359 2766 414 2810 nec
435 2748 558 2810 ablatam
581 2749 716 2828 sequitur
736 2751 884 2828 quaeritve
907 2768 1048 2811 sororem.

254 2842 282 2895 at
304 2834 441 2912 quotiens
463 2835 506 2895 vis
528 2835 601 2896 dura
623 2837 731 2896 ducum
754 2836 897 2913 densique
919 2843 1041 2915 repente

253 2920 420 2980 Aesoniden
442 2937 576 2997 pressere
598 2920 652 2980 viri
675 2939 802 2998 cumque
824 2920 920 2980 omnis
943 2921 973 2980 in
995 2937 1089 2981 unum

253 3003 348 3064 imber
369 3004 411 3076 iit,
433 3004 541 3063 totiens
563 3005 640 3064 saxis
661 3006 797 3084 pulsatur
818 3014 846 3066 et
867 3005 966 3065 hastis

253 3089 408 3166 primaque
430 3088 465 3147 ad
487 3088 585 3148 inlesti
608 3089 767 3150 Lexanoris
790 3090 907 3150 horruit
928 3106 1023 3164 arcus,

255 3172 310 3233 alta
333 3173 383 3232 sed
407 3172 567 3246 Aesonium
590 3192 680 3253 snpra
703 3184 791 3255 caput
813 3175 871 3235 exit
892 3173 1037 3250 harundo,

254 3264 351 3335 teque,
376 3256 469 3332 Caice,
492 3257 581 3337 petit;
605 3259 735 3320 coniunx
757 3258 922 3320 miseranda
946 3260 1032 3320 Caico

253 3340 399 3419 linquitur
421 3350 449 3403 et
471 3343 567 3422 primo
591 3346 696 3405 domus
718 3345 879 3424 inperfecta
902 3344 1001 3405 cubili.

295 3425 405 3505 Regius
428 3426 489 3487 eois
510 3429 641 3507 Myraces
663 3430 811 3510 interpres
832 3430 869 3491 ab
891 3430 952 3490 oris

253 3519 380 3585 venerat,
403 3519 436 3571 ut
459 3511 583 3575 Colchos
605 3515 710 3594 procul
735 3515 830 3593 adque
852 3515 950 3576 Aeetia
972 3512 1088 3576 Parthis

167 3643 470 3662 Ἠ

237 3730 295 3781 666.
314 3743 459 3781 censerem
478 3731 506 3779 in
524 3743 585 3794 mg,
604 3746 708 3783 censere
727 3731 764 3795 C,
783 3747 834 3785 om.
851 3747 878 3782 π.
958 3733 1015 3785 668.
1034 3729 1131 3798 direpta
1150 3747 1179 3798 τι,
1198 3731 1245 3782 de-

165 3795 304 3914 ἑεορῗῖο.
375 3799 432 3851 cst.
450 3796 653 3863 audientibusV,
672 3798 832 3864 audientibus
849 3799 886 3865 M,
903 3798 1109 3902 audentiusplll'.
1127 3824 1163 3838 --
1181 3798 1242 3854 bae.
1260 3820 1261 3829 ¹
1283 3798 1285 3806 '
