2764 4340
406 217 662 273 naccnnvrtucn
679 220 773 274 LlBllR
790 221 816 274 ll.
1133 220 1173 284 33

126 391 226 466 audet,
250 408 313 451 nou
336 390 447 470 patrios
469 391 556 454 furtis
578 392 718 454 accedere
740 394 842 470 saltus,

125 483 173 538 set
194 476 266 555 fuga
285 475 415 538 diversae
436 477 546 538 misero
567 479 735 556 quaerenda
756 498 812 559 per
832 489 919 542 artes.

124 561 190 622 visa
210 561 282 622 ratis
304 579 404 622 saevae
426 562 538 624 defecta
559 561 710 624 laboribus
732 565 838 640 undae,
1128 579 1173 632 285

125 665 218 726 quam
241 645 357 708 Thetidi
379 646 544 726 longinqua
565 648 628 710 dies
651 648 820 728 Glaucoque
843 660 990 731 repostam

125 731 243 792 solibus
266 738 295 792 et
317 732 399 792 oanis
419 732 524 794 urebat
545 733 616 794 luna
637 733 765 812 punicis.

125 818 188 878 huc
210 817 374 895 genitorem
395 817 469 878 altae
490 836 657 898 peropaca
678 819 795 881 silentia
809 822 913 907 =noctis

122 902 321 1006 praecipitem
342 901 422 963 siluis
444 903 521 981 rapit
540 911 571 964 et
592 903 635 964 sic
656 912 766 965 maesta
787 907 936 984 profatur:

137 1005 237 1065 quam,
261 987 386 1066 genitor,
408 988 541 1066 patriam,
564 996 672 1068 quanta
693 991 781 1051 ruodo
804 991 917 1070 linquis
938 992 1034 1052 inanis
1125 1003 1172 1060 atu

126 1071 208 1153 pube
230 1073 348 1133 domosl
372 1091 428 1152 pro
451 1073 513 1136 dira
534 1075 613 1149 lues,
636 1093 692 1153 pro
714 1075 810 1136 noctis
831 1078 953 1140 acerbae

127 1156 266 1217 exitium!
288 1157 361 1218 talin
383 1175 507 1236 possum
528 1168 557 1220 te
577 1160 699 1220 credere
720 1161 824 1240 puppi,

127 1259 195 1302 care
217 1239 348 1320 parens?
370 1261 493 1322 possum
514 1244 604 1304 tantis
625 1245 753 1305 retinere
774 1244 917 1323 periclis?

126 1327 269 1387 solvimus
291 1328 350 1388 lieu
371 1347 472 1388 serum
493 1329 566 1389 furti
586 1329 698 1390 scelus!
720 1330 817 1392 adnue
838 1331 923 1406 votis,

126 1412 201 1486 dira,
224 1413 404 1492 soporiferas
419 1432 494 1492 quae
515 1433 598 1475 nuno
619 1413 710 1478 trahis
730 1430 860 1494 aequore
881 1416 974 1496 bime.

126 1515 188 1557 non
210 1498 349 1576 populos,
371 1517 433 1558 non
455 1499 514 1560 dite
535 1500 632 1561 solum
654 1547 663 1574 ‚
686 1518 748 1561 non
769 1501 829 1562 ulla
851 1503 965 1580 parenti

126 1600 218 1660 regna
240 1589 326 1662 peto;
349 1583 443 1662 patria
463 1585 550 1646 liceat
570 1585 710 1646 decadem
731 1593 818 1646 terra.

126 1667 246 1744 quando
270 1685 332 1746 ego¹
347 1675 461 1729 servato
482 1669 607 1732 mediam
629 1670 763 1748 genitore
785 1689 840 1750 per
861 1671 965 1733 urbem

128 1753 202 1812 lacta
224 1751 325 1813 ferar?
348 1755 466 1831 quaudo
488 1754 537 1814 hic
558 1755 692 1816 lacrimas
713 1755 910 1834 planctusque
932 1753 1067 1818 ridebo‘f’

125 1837 246 1898 dixerat.
277 1838 326 1898 ille
348 1839 454 1917 procul
474 1847 580 1899 uunca
600 1839 678 1918 fugit
698 1839 803 1900 anxius
824 1839 909 1914 alno,

125 1921 352 2001 Taurorumque
374 1924 456 1987 locos
478 1924 659 2003 delubraque
680 1941 763 1985 saeva
785 1923 893 1986 llianae

125 2006 251 2068 advenit.
280 2008 328 2069 hic
350 2008 434 2070 illum
456 2009 543 2085 tristi,
567 2009 628 2084 dea,
655 2009 790 2089 praeficis
811 2029 878 2071 arae

126 2111 196 2154 ense
219 2093 299 2168 dato;
322 2112 405 2155 mora
428 2114 483 2155 nec
505 2094 592 2157 terris
614 2095 669 2156 tibi
688 2096 777 2175 longa
799 2096 940 2158 cruentis.

125 2177 180 2238 iam
202 2196 309 2239 nemus
331 2179 470 2257 Egeriae,
492 2180 550 2240 mm
573 2187 602 2240 te
623 2181 681 2241 ciet
701 2181 779 2240 altus
798 2179 835 2240 ab
857 2181 929 2241 Alba

124 2262 259 2341 luppiter
280 2271 310 2324 et
330 2264 387 2324 soli
409 2283 470 2325 non
492 2265 574 2327 mitis
594 2264 690 2326 Aricia
712 2265 784 2342 regi.
827 2291 829 2303 ·
1056 2343 1057 2346 ¹

166 2348 273 2408 Arcem
295 2356 363 2410 nata
384 2349 475 2427 petit,
497 2367 558 2427 quo
580 2349 640 2410 iam
659 2368 767 2410 manus
786 2349 906 2410 horrida
927 2357 1053 2412 matrum

125 2440 311 2511 congruerat.
341 2450 431 2494 rauco
453 2433 573 2495 fremitu
594 2433 698 2494 sedere
720 2439 878 2512 parentum

124 2525 322 2596 natorumque
343 2519 605 2598 locisvvacuaeque
627 2519 657 2580 in
679 2519 837 2582 moenibus
859 2519 941 2580 urbis

124 2602 187 2663 irua
208 2611 333 2678 novant3
356 2605 467 2666 donant
489 2604 563 2665 solio
585 2605 773 2684 sceptrisque
794 2605 925 2684 paternis

123 2695 157 2749 ut
176 2687 315 2748 meritam
333 2690 517 2768 redeuntque
539 2690 605 2769 piae
627 2690 832 2768 suepmemia
851 2690 953 2752 menti.
1121 2703 1185 2752 310²

164 2772 243 2834 Ecce
265 2774 369 2852 procul
390 2775 491 2836 validis
513 2774 648 2835 Lemnon
669 2774 820 2835 tendentia
840 2775 929 2835 remis

123 2875 203 2917 arma
226 2865 345 2933 notant3
368 2859 482 2938 rapitur
503 2858 600 2919 subito
623 2858 725 2938 regina
741 2858 876 2919 tumultu

124 2942 342 3022 conciliumque
362 2951 455 3004 vocat.
499 2963 561 3004 non
583 2943 642 3004 illis
663 2942 747 3004 obvia
767 2943 825 3004 tela

122 3027 200 3088 ferre
223 3047 279 3089 nec
301 3029 425 3090 infestos
447 3029 528 3090 derat
550 3029 634 3089 furor
655 3028 802 3107 inprobus
824 3029 917 3108 ignee,

123 3112 154 3172 ni
175 3112 300 3174 Veneris
322 3133 420 3175 saevas
441 3114 578 3196 fregisset
599 3113 743 3175 Mulciber
764 3114 831 3176 irae.

121 3204 194 3258 tunc
217 3197 303 3260 etiam
325 3206 405 3260 vates
427 3199 546 3266 Phoebo
570 3199 674 3260 dilecta
695 3199 806 3280 Polyxo

122 3285 195 3356 (non
217 3283 350 3362 patriam,
374 3303 435 3346 uon
458 3293 663 3363 cortegaem,
687 3285 739 3344 sed
760 3283 885 3345 maxima
906 3290 980 3344 taeta

123 3367 289 3448 Proteaque
310 3369 480 3447 ambiguum
502 3369 616 3430 Phariis
639 3376 683 3430 est
699 3415 706 3429 .
724 3415 730 3428 .
748 3415 755 3429 .
773 3415 780 3430 .
796 3369 832 3429 ab
854 3369 946 3430 antris
978 3407 981 3416 ι

88 3569 145 3620 tet.
164 3571 191 3620 et
201 3586 230 3634 π,
249 3574 288 3621 eet
299 3569 360 3622 Sol.
413 3571 471 3622 290.
485 3577 593 3636 quantas
612 3609 619 3621 .
638 3609 643 3620 .
664 3609 670 3623 .
692 3611 698 3624 .
716 3569 785 3621 inani
800 3586 829 3635 π,
847 3575 941 3637 quanta
952 3613 958 3624 .
971 3610 976 3623 .
987 3609 993 3623 .
1006 3610 1012 3623 .
1023 3571 1112 3622 inanes

44 3625 74 3681 B·
124 3637 306 3689 atterendae
323 3655 357 3702 n,
375 3637 478 3689 medere
491 3637 525 3690 B.
577 3641 638 3691 294.
655 3638 776 3690 miserum
790 3637 818 3690 G.
838 3667 870 3676 -
888 3639 961 3692 furtis
979 3655 1013 3703 π,
1030 3638 1112 3690 Furiis

46 3696 85 3752 Gr.
103 3703 157 3771 (lv,
177 3707 228 3772 12),
245 3705 304 3757 fruti
326 3705 373 3793 ft.
442 3709 500 3759 306.
520 3721 603 3758 arcem
621 3705 680 3758 hinc
698 3705 767 3760 Bur.
823 3710 882 3762 310.
901 3707 1060 3772 redduntque
1076 3723 1110 3757 m.

45 3834 95 3889 317.
112 3788 180 3892 ωεῑὲ
199 3840 232 3906 V,
250 3845 334 3893 tactae
351 3841 388 3904 tt,
406 3846 463 3894 tete
477 3841 512 3906 P,
530 3846 603 3894 caete
621 3841 657 3905 C,
675 3841 749 3910 tethy
767 3840 802 3894 B.
857 3844 914 3895 318.
933 3840 1015 3908 pharii
1032 3856 1060 3894 se
1079 3842 1112 3906 V,

44 3901 131 3966 phariis
147 3924 162 3960 e
179 3909 208 3973 P,
227 3908 321 3976 phariis
339 3911 449 3976 epatris
469 3910 504 3976 M,
522 3909 618 3977 phariis
636 3925 664 3962 se
680 3910 760 3977 patris
780 3910 806 3976 0,
824 3908 919 3977 phariis
936 3909 1059 3962 referebat
1078 3909 1113 3962 Β.

85 3999 131 4042 Vel.
144 4001 241 4044 Flaccus.
944 4014 958 4064 3
