2792 4340
430 217 684 272 audounvrtoott
703 217 796 271 LlBEH
814 219 843 270 V.
1157 216 1199 282 89

158 374 289 436 carmina
312 374 384 454 quin
408 374 494 436 etiam
516 373 593 434 visos
616 373 760 453 placantia
780 392 883 436 manes

159 459 304 539 Odrysius
326 461 385 520 dux
407 458 462 520 rite
484 466 580 520 movet
601 457 752 536 mixtoque
774 467 929 520 sonantem

157 544 287 624 percutit
309 561 360 605 ore
383 543 475 622 lyram
499 561 667 622 nomenque
690 543 831 622 relinquit
853 544 1000 605 harenis'

201 629 297 690 Altius
318 629 389 690 hinc
410 637 512 690 ventos
534 627 640 707 recipit
661 627 741 703 ratis,
764 647 798 690 ao
819 629 896 707 sugit
917 647 1004 690 omne

159 713 286 775 Crobiali
308 713 384 775 latus
406 721 434 774 et
455 713 522 774 latis
543 713 606 788 tihi,
629 711 734 792 Tiphy,
757 721 896 792 negatum

157 797 360 873 Parthenium,
383 805 451 858 ante
473 797 546 859 alios
568 795 682 858 Triviae
704 798 756 876 qui
779 798 909 860 creditur
930 798 1024 859 aronis

157 883 234 944 lidus
257 890 285 944 et
307 883 392 962 lnopi
415 890 545 944 materna
567 882 677 962 gratior
699 883 787 944 unda.

157 987 226 1028 mox
248 968 335 1029 etiam
357 967 501 1028 Cromnae
523 967 591 1046 iuga
613 966 830 1047 pallentemque
853 968 980 1048 Cytoron

157 1059 247 1132 teque
266 1052 325 1114 cita
349 1052 469 1131 penitus
491 1052 633 1124 condunt,
656 1051 785 1131 Erythia,
809 1054 917 1115 carina.

157 1138 275 1216 iamque
296 1137 455 1200 reducebat
476 1143 594 1197 noctem
616 1136 719 1215 polus:
743 1137 798 1198 alta
822 1138 969 1199 Carambis

156 1221 271 1283 raditur
292 1230 321 1282 et
342 1240 465 1301 magnae
486 1221 591 1301 pelago
612 1221 712 1282 tremit
732 1221 836 1282 umbra
859 1222 996 1302 Sinopes.

157 1306 294 1386 Assyrios
316 1306 461 1385 conplexa
482 1305 566 1366 sinus
588 1313 645 1366 stat
670 1307 767 1385 opima
789 1307 909 1385 Sinope,

157 1391 287 1470 nympha
310 1391 395 1471 prius
415 1392 599 1469 blandosque
621 1390 697 1451 lovis
719 1409 794 1469 quae
816 1391 927 1453 luserat
948 1391 1032 1470 ignes
1154 1404 1197 1458 ut

158 1476 306 1538 caelicolis
328 1476 446 1538 immota
469 1473 583 1555 procis:
608 1476 749 1554 deceptus
771 1483 881 1538 amatae

155 1560 259 1621 fraude
282 1561 353 1621 deae
374 1579 431 1622 nec
452 1560 534 1620 solus
556 1559 646 1639 Halys
673 1579 729 1622 nec
751 1561 833 1622 solus
855 1561 970 1641 Apollo.

200 1644 320 1706 Addidit
340 1645 389 1706 hic
412 1663 481 1706 casu
504 1644 626 1705 comites
648 1645 780 1706 Fortuna
801 1646 932 1724 benigno

157 1730 334 1808 Autolycum
356 1729 573 1808 Phlogiumque
596 1737 625 1790 et
646 1727 806 1804 Deileonta,
831 1739 947 1790 secutos

157 1814 294 1876 Herculis
316 1831 394 1874 arom
416 1814 509 1890 viros;
532 1831 623 1892 vagus
644 1812 698 1873 hos
721 1813 763 1874 ihi
783 1815 885 1874 fixerat
907 1833 998 1875 error.
1153 1827 1197 1877 11⁵

156 1907 191 1960 ut
213 1898 329 1960 Graiam
349 1899 447 1960 ridere
468 1915 589 1960 manum
608 1915 799 1977 puppemque
820 1897 983 1978 Pelasgam,
1067 1911 1076 1932 ¹

157 1983 252 2064 prima
274 1991 367 2044 ruunt
389 1983 499 2045 celeres
521 1984 557 2043 ad
579 1982 664 2043 litora
686 2001 778 2062 seque
799 1991 961 2061 precantur

158 2068 304 2147 accipiant
326 2067 432 2129 socios.
477 2085 552 2129 nova
575 2066 634 2127 dux
655 2069 794 2128 accedere
817 2068 923 2146 gaudet

158 2152 278 2215 nomina
300 2152 431 2214 desertos
454 2161 483 2214 et
503 2152 560 2214 iam
583 2151 639 2213 sibi
661 2169 781 2213 currere
803 2170 910 2214 remos.

157 2237 264 2299 transit
285 2235 375 2316 Halys
395 2237 552 2316 longisque
573 2237 670 2298 lluens
692 2237 879 2298 amfractibus
894 2237 949 2298 lris

158 2341 302 2401 saevaque
323 2322 512 2384 Thermodon
534 2321 632 2382 medio
654 2319 714 2382 sale
734 2337 887 2382 murmura
908 2323 1036 2398 volvens,

158 2407 282 2468 Gradivo
305 2425 387 2468 sacer
409 2415 438 2468 et
460 2406 566 2485 spoliis
584 2405 746 2466 ditissimus
768 2405 871 2480 amnis,

159 2490 248 2553 donat
271 2509 381 2570 equos,
404 2492 493 2552 donat
514 2498 595 2551 votas
618 2489 666 2550 cui
688 2490 770 2570 virgo
794 2507 923 2565 secures

157 2595 226 2637 cum
249 2575 325 2636 redit
346 2576 460 2654 ingenti
482 2594 537 2655 per
559 2575 663 2655 Caspia
686 2575 811 2637 claustra
834 2576 994 2655 triumpho,

157 2661 341 2740 Massageten
364 2659 543 2739 Medumque
564 2659 695 2721 trahens.
740 2667 784 2722 est
805 2678 871 2722 vera
893 2679 1026 2740 propago
1156 2671 1198 2722 111

157 2745 321 2824 sauguinis,
344 2752 389 2806 est
410 2744 476 2805 ollis
499 2745 615 2824 genitor
637 2745 718 2805 deus.
762 2744 833 2805 hinc
855 2747 948 2824 magis
970 2747 1026 2806 alta

157 2828 356 2892 Haemonidae
378 2837 479 2908 petere
502 2837 530 2890 et
551 2827 683 2889 monitus
706 2846 766 2889 non
789 2835 921 2890 temnere
943 2829 1057 2890 Phinei.

157 2916 222 2995 ipse
243 2923 342 2975 autem
365 2914 504 2976 comitum
528 2929 688 2974 conversus
710 2913 819 2973 adora
841 2931 985 2974 novorum

153 2995 220 3060 ‘vos
241 2999 313 3060 mihi
336 3017 417 3060 nunc
438 2991 563 3078 pugnas'
587 2997 627 3058 ait
645 2990 846 3058 ‘et'victricia'
871 2998 975 3060 ductor

153 3079 305 3145 ‘Herculis
327 3101 407 3144 arma
428 3083 486 3145 mei
508 3090 677 3160 vestrasque
699 3081 730 3142 iu
752 3080 838 3143 litore
860 3082 961 3143 Martis
1156 3092 1199 3143 13⁰

157 3169 270 3230 interea
291 3176 451 3230 memorate
473 3163 597 3229 manus?
643 3166 686 3227 sic
707 3168 786 3227 latur
808 3175 837 3227 et
858 3185 947 3246 aegro

158 3252 248 3316 corde
271 3252 362 3314 silens
384 3252 465 3313 audit
488 3271 594 3314 cursus
616 3251 745 3330 bellique
766 3251 882 3313 labores

156 3337 292 3416 virginei,
316 3337 455 3398 exciderit
474 3337 567 3398 irenis
589 3355 665 3415 quae
686 3337 781 3415 prima
802 3336 942 3410 remissis,

157 3421 359 3484 semianimem
382 3421 494 3501 patrius
516 3440 604 3501 quam
626 3421 771 3500 sanguine
792 3421 901 3482 vexerit
922 3421 1026 3497 amnis,

68 3539 384 3556 —....-.—.-..—..

141 3591 200 3642 106.
217 3587 340 3656 Erythina
358 3589 412 3652 Be,
429 3589 552 3656 Erythine
569 3588 607 3638 Pi.
680 3589 735 3638 116.
753 3585 889 3653 Pelasgum
907 3603 943 3649 π,
967 3586 1099 3652 Pelasgam
1117 3584 1147 3635 B.

142 3657 198 3709 tta.
214 3662 278 3722 poet
300 3671 416 3775 propago
440 3659 611 3722 interponent
627 3650 656 3707 J.
676 3651 732 3712 W.;
757 3669 821 3705 ntem
845 3653 1050 3722 sanguineusque
1068 3652 1145 3704 ollis?

142 3727 200 3777 131.
218 3724 285 3777 latus
303 3741 332 3790 n,
359 3729 416 3776 atur
433 3723 482 3776 Me.
512 3725 575 3789 (43).
631 3723 687 3775 132.
706 3735 793 3773 curros
810 3737 839 3788 π,
856 3738 944 3774 cursus
970 3722 1063 3773 dectus
1079 3718 1147 3770 Brit.

64 3796 140 3858 tots.
159 3793 233 3843 misc.
251 3809 278 3858 p.
299 3795 366 3857 172).
461 3795 517 3845 134.
536 3789 632 3842 vexerit
651 3790 731 3842 amnis
749 3789 775 3841 in
793 3805 888 3857 aequor
907 3790 937 3850 C;
965 3805 1029 3841 num
1045 3787 1145 3840 turbine

64 3860 169 3917 vexerit
187 3859 285 3912 amuis?
