2780 4350
449 211 703 270 ARGONAVTIGON
722 215 815 269 LIBER
832 215 884 270 Vll.
1162 217 1221 277 145

185 368 302 451 iamque
323 388 426 431 omnes
448 371 545 432 adiere
565 371 670 446 virum,
693 372 810 450 iamque
832 372 929 434 omnia
951 380 1053 435 eontra
1178 386 1225 438 630

185 457 241 518 tela
263 457 371 519 volant.
414 464 477 518 tum
498 475 568 517 vero
589 475 690 518 anrens
712 456 881 519 discrimine
902 465 992 536 tanto,

186 561 273 621 quarn
295 541 383 602 modo
405 542 545 604 Tartareo
568 542 679 620 galeam
700 543 801 604 ltledea
824 562 937 606 veneno

185 711 216 772 in
238 712 350 773 medios
372 711 474 786 torsit;
498 730 656 774 conversae
676 713 814 792 protinus
835 713 943 776 hastae.

185 797 279 876 qualis
302 797 353 857 ubi
375 797 514 858 attonitos
535 805 663 858 maestae
684 798 815 878 Phrygas
837 818 934 860 annua
956 798 1056 860 Matris

188 883 230 943 ira
252 883 298 942 vel
321 889 437 943 exectos
459 883 568 944 lauerat
588 883 711 944 Bellona
732 892 877 945 oomatos:

184 967 263 1028 haud
285 985 371 1028 secus
393 985 532 1028 accensas
554 968 652 1028 subito
674 969 775 1030 ltledea
797 969 933 1031 cohortes

185 1052 317 1132 implicat
339 1060 368 1114 et
388 1052 514 1114 miseros
536 1053 596 1133 agit
617 1053 648 1114 in
671 1073 723 1114 sua
744 1054 856 1133 proelia
878 1055 993 1116 tratres.

186 1138 282 1199 omnis
305 1137 345 1198 ibi
368 1137 536 1200 Aesoniden
558 1139 651 1199 sterni
674 1146 767 1219 putat,
791 1134 930 1200 omnibus
952 1140 994 1200 ira

185 1223 251 1284 talis
274 1231 344 1284 erat.
389 1231 488 1302 stupet
510 1226 614 1286 Aeetes
636 1224 775 1304 ultroque
796 1225 931 1286 furentes

184 1310 249 1388 ipse
270 1307 349 1368 viros
372 1327 509 1370 revocare
532 1309 623 1389 eupit,
646 1309 699 1370 sed
721 1317 826 1372 euneta
847 1309 980 1370 iacebant

185 1393 311 1474 agmina,
335 1413 391 1455 nee
413 1394 571 1473 quisquam
592 1394 708 1474 primus
730 1395 791 1455 ruit
811 1403 862 1456 aut
884 1413 975 1474 super
996 1394 1075 1455 ullus

184 1479 340 1558 linquitur,
363 1488 450 1559 atque
472 1480 570 1540 hausit
592 1478 689 1541 subito
712 1499 765 1542 sua
785 1480 891 1542 lunera
913 1480 1010 1540 tellus.

227 1564 367 1626 Protinus
390 1565 420 1625 in
443 1565 565 1626 [lunum
585 1565 768 1626 fumantibus
790 1565 884 1627 evolat
909 1565 997 1626 armis

185 1649 357 1725 Aesonides,
382 1649 476 1728 qualis
499 1649 600 1712 Getico
621 1651 659 1711 de
680 1650 802 1730 pulvere
823 1649 937 1710 ltlavors

184 1734 274 1795 intret
296 1734 381 1813 equis
404 1734 524 1812 uritque
546 1751 663 1812 gravem
685 1733 844 1796 sudoribus
866 1733 1008 1808 Hebrum,

185 1828 235 1881 aut
256 1819 342 1898 niger
364 1839 400 1880 ex
420 1819 513 1880 antris
535 1818 677 1897 rutilique
698 1838 715 1879 a
736 1817 870 1880 fulminis
892 1826 974 1878 aestu

185 1923 253 1966 oum
275 1905 349 1966 furit
371 1911 399 1966 et
421 1903 521 1966 Sieulo
544 1903 671 1983 respiret
692 1903 723 1964 in
746 1921 877 1982 aequore
900 1903 1034 1982 Cyclops.

184 1991 317 2052 redditus
340 1989 389 2051 hie
411 1991 527 2052 andem
550 1988 707 2069 sociosque
728 1989 881 2068 amplexus
903 1995 1040 2062 ovantes,

184 2076 263 2136 haud
284 2076 341 2136 iarn
362 2077 532 2138 mendaeem
553 2075 700 2156 promissa
722 2091 879 2154 reposcere
901 2091 1001 2152 regern

184 2161 339 2238 dignatum
363 2180 427 2236 nee,
450 2161 475 2221 si
498 2161 561 2240 ipse
585 2159 640 2220 sibi
664 2168 745 2238 terga
766 2160 882 2238 ingerat
904 2159 982 2221 ultro

185 2263 261 2324 qnae
284 2244 406 2322 pepigit,
429 2243 499 2306 velit
520 2245 551 2305 in
573 2262 678 2324 paoem
701 2244 891 2322 dextramque
912 2243 1019 2306 reverti

184 2327 327 2407 amplius3
350 2328 435 2388 ambo
460 2336 572 2404 trueeS,
595 2329 680 2390 anrho
703 2329 872 2392 abscessere
894 2329 1052 2390 minantes.

168 2549 227 2599 630.
247 2544 334 2598 videre
351 2563 385 2611 rr,
408 2546 484 2598 odere
504 2545 530 2611 C,
549 2545 634 2598 adiere
652 2546 712 2598 Sele.
799 2549 856 2598 631.
875 2545 963 2598 iubant
980 2558 1014 2610 π,
1037 2545 1125 2597 volant
1142 2543 1180 2610 J„

94 2617 201 2667 vibrant
218 2614 264 2664 He.
285 2645 314 2652 κ
334 2619 405 2666 inter
422 2617 472 2668 632
491 2621 517 2665 et
534 2617 584 2668 634
602 2619 631 2666 in
648 2631 668 2664 π
686 2615 824 2666 intercidit
841 2630 945 2673 varran
964 2617 992 2664 r'n
1012 2613 1092 2664 cara
1111 2614 1178 2679 lege-

95 2686 181 2734 batur
191 2682 310 2735 inlectam
323 2683 428 2735 dederat
445 2699 544 2749 usuque
561 2688 670 2735 armarat
686 2683 712 2732 in
729 2683 787 2734 illos
804 2689 915 2748 praeter
927 2681 1063 2732 Thilonem
1073 2684 1107 2731 ab
1125 2698 1179 2732 om-

94 2755 178 2804 nibur
187 2749 413 2818 postCarrtonem
431 2753 577 2802 editoribus
594 2757 724 2816 receptus.
794 2753 852 2802 652.
871 2749 914 2814 qni
933 2766 960 2812 n,
980 2763 1045 2814 quae
1061 2747 1127 2800 Bur.
