2792 4340
459 207 716 262 ARGONAVTlGON
733 207 827 261 LlBER
844 208 886 260 lv.
1188 205 1226 270 73

173 383 227 444 sic
248 391 347 456 ratus,
370 380 420 442 ille
441 388 539 442 autem
561 380 650 441 celeri
672 381 748 460 rapit
770 399 822 441 ora
843 379 972 441 sinistra.

175 468 370 531 conclamant
391 465 465 526 socii
488 472 516 526 et
539 464 650 526 subitas
673 465 743 526 dant
765 465 869 544 gaude
891 483 987 526 voces.

175 553 267 615 illum
290 553 439 630 insperata
461 550 611 611 turbatum
633 550 737 612 iraude
758 551 966 628 furentemque

179 636 344 700 Oebalides
367 636 462 714 prima
484 634 593 714 refugit
614 634 684 696 dum
708 634 827 716 detonet
849 635 900 708 ira,

178 723 307 784 territus
331 721 395 800 ipse
418 719 504 781 etiarn
526 719 622 798 adque
644 720 774 798 ingentis
797 721 935 781 conscius
956 721 1030 781 ausi.

179 808 276 868 saevit
296 806 385 885 inops
408 806 535 884 Amycus
557 805 641 864 nullo
664 804 833 866 discrimine
855 822 919 865 sese

179 891 394 973 praecipitans,
416 889 577 968 avidusque
599 889 653 950 viri
677 890 836 969 (respectat
858 897 977 950 ovantes

181 978 300 1056 quippe
321 974 426 1054 procul
448 974 574 1054 Minyas)
598 981 758 1052 caestuque
780 973 874 1034 elatus
898 981 1027 1053 utroque

183 1061 288 1123 inruit
332 1060 387 1120 hos
410 1059 488 1120 inter
511 1059 616 1119 Pollux
638 1059 718 1119 subit
739 1067 768 1119 et
789 1057 882 1119 trucis
904 1059 983 1119 ultro

183 1146 302 1207 advolat
323 1163 373 1205 ora
394 1143 464 1204 viri:
488 1161 544 1204 nec
565 1161 635 1222 spes
657 1143 768 1216 effecta,
792 1143 843 1204 sed
866 1143 967 1204 ambae

184 1232 217 1292 in
241 1237 345 1310 pectus
367 1228 501 1290 cecidere
520 1245 637 1290 manus.
681 1229 739 1288 hoc
760 1229 874 1289 saevior
894 1227 944 1288 ille
978 1249 980 1257 ·
1044 1223 1058 1246 ³

185 1333 257 1376 ecce
279 1315 387 1375 iterum
409 1331 514 1375 vacuas
536 1313 596 1392 agit
617 1312 784 1373 inconsulta
806 1329 861 1391 per
882 1329 968 1372 auras

187 1399 336 1461 bracchia.
381 1398 472 1460 sentit
491 1397 544 1458 ubi
566 1397 671 1458 Pollux
693 1398 815 1459 rationis
838 1404 982 1475 egentem,

184 1486 236 1546 dat
258 1483 383 1563 genibus
404 1483 513 1544 iunctis
535 1481 612 1543 latus
634 1483 821 1562 effusumque
842 1489 963 1543 secutus

183 1569 267 1631 haud
288 1585 425 1629 revocare
448 1568 570 1646 gradum
592 1568 712 1647 patitur,
735 1567 893 1646 turbatque
914 1568 1081 1646 premitque

187 1653 347 1732 ancipitem
369 1652 490 1714 crebros
513 1659 542 1713 et
562 1651 639 1713 liber
659 1653 794 1731 congerit
815 1651 891 1712 ictus

188 1740 318 1818 desuper
338 1753 455 1809 averso;
479 1745 565 1797 sonat
585 1737 667 1796 omni
686 1729 811 1798 'vulnere
832 1743 931 1796 vertex

187 1822 308 1884 inclinis
330 1821 466 1902 ceditque
487 1822 581 1883 malis.
625 1821 682 1881 iam
704 1829 838 1900 tempora
859 1828 980 1880 manant

189 1907 430 1986 sanguineaeque
452 1907 543 1968 latent
564 1923 660 1981 aures,
682 1905 778 1965 vitalia
800 1905 895 1965 donec

189 1991 322 2066 vincula,
345 2009 403 2070 qua
425 1989 522 2071 primo
545 1989 642 2052 cervix
663 1989 856 2051 committitur
877 1997 954 2062 artu,

190 2076 277 2138 solvit
297 2077 397 2137 dextm
419 2076 523 2155 gravis
543 2095 547 2108 ·
568 2074 714 2136 labentem
737 2074 871 2155 propulit
891 2073 980 2136 heros

190 2181 225 2223 ac
247 2179 338 2240 super
359 2160 499 2222 insistens
518 2153 637 2220 ‘Pollux
659 2178 714 2238 ego
736 2160 845 2220 missus
867 2159 994 2238 Amyclis

192 2254 223 2308 et
242 2245 310 2306 love
333 2240 427 2307 natus²
451 2246 500 2318 ait,
520 2237 643 2306 ‘nomen
665 2243 841 2304 mirantibus
862 2243 977 2304 umbris

190 2333 249 2392 hoc
270 2331 391 2405 referes,
414 2330 458 2390 sie
479 2336 509 2391 et
530 2328 654 2390 memori
677 2345 800 2388 noscere
822 2320 1001 2407 sepulchro?

234 2415 381 2494 Bebrycas
404 2414 552 2496 extemplo
574 2413 687 2492 spargit
707 2413 792 2490 iuga3
817 2411 917 2472 nullus
939 2411 1067 2490 adempti
1187 2424 1232 2474 315

191 2499 271 2578 regis
293 2518 391 2574 amem
412 2506 545 2560 montem
567 2499 679 2560 celeres
701 2496 863 2575 silvamque
885 2503 1053 2576 capessunt.

192 2586 267 2647 haee
288 2601 363 2660 sors,
386 2585 459 2646 haec
481 2585 624 2663 Amycum
645 2583 762 2644 tandem
784 2599 891 2642 manus
912 2582 1007 2642 arcuit
1029 2581 1109 2642 ausis

193 2670 281 2731 effera
303 2677 468 2730 servantem
491 2668 577 2730 Ponti
599 2670 664 2729 loca
685 2668 803 2746 vimque
826 2667 960 2728 iuventae

193 2754 365 2815 continuam
387 2761 416 2814 et
436 2754 536 2832 magni
557 2759 725 2832 sperantem
746 2761 879 2830 tempora
901 2751 1002 2830 patris,

193 2839 325 2900 tenditur
347 2838 396 2900 ille
418 2839 524 2918 ingens
546 2837 700 2898 bominum
722 2852 813 2915 paror
834 2853 960 2912 arvaque
982 2835 1039 2894 late

195 2931 330 3002 occupat,
352 2923 457 2984 annosi
479 2922 570 2983 veluti
592 2922 617 2981 si
639 2918 844 2984 decidat'olim

196 3026 265 3088 pars
287 3007 390 3087 Erycis
410 3008 456 3068 vel
479 3015 558 3068 totus
582 3005 693 3078 Ath0s3
717 3023 775 3084 qua
796 3003 874 3065 mole
897 3003 1019 3069 iacentis

196 3093 261 3172 ipse
283 3091 370 3153 etiam
392 3092 504 3172 expleri
525 3091 618 3152 victor
640 3090 759 3168 nequit,
782 3107 893 3168 oraque
915 3088 1005 3166 longo

197 3178 364 3238 comminus
387 3184 493 3256 optutu
514 3176 626 3236 mirans
648 3182 737 3236 tenet.
768 3179 811 3235 ‘at
832 3191 937 3234 manus
960 3171 1057 3232 omnis

196 3262 322 3322 heroum
344 3261 444 3322 densis
466 3261 597 3323 certatim
619 3260 803 3339 amplexibus
824 3265 964 3337 urguent,

146 3379 149 3384 ι
198 3363 338 3426 armaque
360 3347 439 3408 serre
461 3346 540 3407 iuvat
562 3346 715 3424 fessasque
737 3343 869 3406 attollere
891 3342 1011 3422 palmas.

194 3426 285 3491 ‘salve
306 3449 374 3492 vera
395 3431 482 3505 lovis
504 3449 571 3492 vera
593 3449 611 3490 o
633 3423 717 3490 lovis'
740 3427 872 3506 undique
890 3421 1012 3505 ‘proles‘

110 3583 423 3594 ——-—-———-—-

182 3667 241 3719 291.
259 3663 345 3716 irritus
363 3669 392 3715 in
409 3668 507 3732 priscas
527 3664 602 3716 codd.
622 3664 676 3728 legi
693 3661 891 3726 adcolarum„
910 3661 984 3728 quod
999 3661 1125 3726 probauit
1141 3657 1187 3710 He.

146 3734 207 3786 298.
225 3732 327 3800 minyas
343 3736 404 3784 tunc
421 3736 508 3785 caestu
526 3732 626 3783 velatus
633 3728 689 3782 VM
704 3733 743 3794 (in
762 3729 790 3780 M
807 3734 867 3781 tunc
884 3735 946 3796 post
962 3728 1076 3779 deletam
1094 3727 1189 3790 aet).-

107 3805 252 3868 caestuque
279 3800 361 3852 clatus
378 3800 425 3853 He.
502 3799 646 3852 auserim
662 3813 698 3862 π,
715 3797 760 3849 ubi
781 3795 841 3859 Tb.;
868 3813 904 3848 aa
922 3797 978 3847 uti?
1069 3797 1128 3847 317.
1152 3809 1190 3845 ar·
1305 3797 1309 3808 '

112 3871 171 3938 guit
189 3885 218 3933 π,
237 3868 317 3920 arcuit
335 3869 381 3920 He.
400 3875 427 3920 et
445 3868 489 3920 Gr.
509 3866 581 3932 (Tac.
601 3868 672 3918 Ana.
690 3866 730 3930 111,
750 3867 801 3929 72).
