2792 4340
503 227 761 286 ARGONAVTIGON
776 229 871 286 LIBER
886 231 927 285 tv.

226 387 309 449 ultor
330 404 401 466 ego,
424 391 512 466 atque
533 386 605 449 illue
628 387 742 448 eunetis
764 405 908 448 aecensus
930 388 961 449 in
986 390 1077 452 armis

226 481 301 534 tune
322 472 449 548 aderam,
472 490 541 533 eum
562 490 614 533 vos
635 472 739 533 mediis
764 479 903 533 contenta
924 473 1058 535 terebant

225 557 290 618 vele
311 557 404 618 fretis.
449 555 533 617 illum
555 557 585 617 in
608 557 691 618 sanie
711 556 839 636 taboque
853 558 967 618 recenti

225 641 354 704 vidimus
375 659 523 721 aequoreo
545 641 670 702 similem
692 660 747 722 per
768 642 854 703 litora
875 650 1021 704 monstro.
1225 658 1272 709 tto

227 747 285 790 nee
306 744 375 788 vere
397 733 552 806 praerepta
573 726 646 787 mihi
668 744 806 806 suprema
828 728 946 806 tyranni

227 813 287 874 sata
302 829 412 891 queror
432 811 546 872 bellove
567 811 661 890 magis
683 812 808 874 laetarer
830 819 859 872 et
880 813 968 873 armis

227 896 426 978 procubuisse
447 896 531 972 meis,
555 915 643 976 quem
665 896 730 976 lege
752 897 833 974 qued
854 896 962 957 oceidit
984 897 1064 958 ultus

228 982 293 1062 ipse
315 1000 368 1042 sua
389 981 555 1060 meritoque
576 981 695 1041 madent
716 981 796 1060 quod
818 981 962 1060 sanguine
985 978 1119 1044 caestus?

229 1066 340 1146 exeipit
359 1065 523 1128 Aesonides
542 1059 626 1127 ‘tuus
648 1083 718 1145 ergo
741 1066 773 1126 in
795 1066 946 1127 montibus
968 1066 1046 1146 ignis
1191 1099 1195 1108 «
1227 1080 1274 1132 755

228 1149 302 1212 ittet
324 1159 391 1212 tuas
413 1149 490 1212 aeies
511 1151 608 1211 medio
632 1149 667 1212 de
690 1150 806 1230 gurgite
820 1147 913 1210 vidit’

227 1237 316 1311 satur,
340 1243 369 1297 et
391 1243 543 1297 ostentans
565 1235 680 1314 prolem
702 1236 778 1297 lovis
799 1227 861 1295 ‘hie
882 1233 935 1294 tihi
958 1234 1062 1297 Pollux

228 1315 276 1382 en’
299 1321 348 1395 ait,
368 1313 473 1381 ‘invito
495 1320 581 1380 solvit
602 1319 650 1381 eui
673 1328 793 1399 pectore
814 1314 945 1398 peenas³

227 1405 278 1466 ille
299 1406 395 1466 virum
418 1405 496 1466 eirea
517 1405 654 1466 mirantia
675 1405 788 1466 lumina
809 1403 906 1465 volvit.

226 1490 301 1551 feste
324 1489 431 1551 dehine
452 1489 556 1550 mediis
577 1490 683 1551 ineunt
705 1488 836 1550 convivia
858 1488 942 1548 tectis
1225 1500 1272 1551 760

227 1592 460 1654 communesque
482 1582 588 1636 vocant
609 1593 744 1653 superes,
766 1592 896 1653 querum
918 1580 1001 1634 erute
1023 1580 1098 1634 nutu

226 1658 384 1738 Bebrycia,
408 1666 437 1720 et
458 1659 532 1720 vetis
553 1659 664 1738 pariter
685 1659 853 1738 praedaque
873 1659 1024 1719 Fruuntur.

210 1827 271 1880 tes.
289 1824 373 1878 inviso
389 1841 420 1890 n,
436 1824 519 1876 invito
536 1820 598 1878 sor.
616 1850 651 1862 -
669 1823 713 1891 qui
730 1840 758 1885 π,
778 1823 818 1874 eui
835 1819 863 1876 J.
