2764 4340
462 231 718 288 Aucoutvrtcolt
735 235 828 288 LIBER
845 237 883 290 lll.

189 403 299 466 natales
321 421 447 484 rapuere
467 405 580 478 (lemos,
603 405 776 486 Triviaeque
797 409 927 486 potentis

189 487 296 550 occidit
318 507 424 550 arcana
447 490 580 568 genetrix
601 491 755 570 absumpta
778 493 896 572 sagitta:

188 581 240 648 tu,
263 573 336 635 mibi
358 574 410 653 qui
432 575 563 636 coniunx
585 576 695 654 pariter
715 577 865 656 fraterque
887 596 1055 659 parensque

188 659 270 720 solus
293 667 322 720 et
344 678 360 719 a
382 659 477 738 prima
499 661 598 721 fueras
619 680 688 740 spes
711 680 771 722 uua
792 662 919 738 iuventa,

189 744 300 805 deseris
321 744 390 818 hou,
414 753 563 823 totamque
585 746 658 807 deus
681 746 769 807 simul
791 748 900 827 inpulit
922 748 1042 810 urbemi

188 837 233 888 ast
255 848 309 909 ego
333 847 394 891 non
417 829 512 890 media
534 837 563 890 te
586 831 700 906 saltem,
725 831 836 910 Cyzico,
860 832 919 892 vidi

189 914 357 975 tendentem
379 914 452 975 mibi
473 922 568 975 morte
589 934 695 976 manus
717 924 767 976 aut
789 917 848 978 ulla
869 917 1019 978 monentis

188 998 275 1060 verba
297 999 366 1072 tuli;
390 999 463 1077 quin
486 1007 514 1059 te
536 999 671 1061 thalamis
692 1001 781 1061 modo
804 1010 908 1080 questa
930 1001 1049 1076 morari,

186 1084 246 1143 heu
268 1083 355 1144 talem
377 1083 510 1162 tantique
531 1092 628 1146 metus
650 1104 754 1147 secura
776 1081 893 1166 recepi?

188 1168 267 1228 illam
289 1168 335 1228 vix
357 1169 475 1247 gemino
496 1188 631 1231 maerens
653 1188 721 1230 cum
744 1171 862 1232 Castore
884 1170 990 1232 Pollux

188 1253 274 1331 erigit
294 1253 464 1314 haerentem
487 1272 707 1333 conpressaque
729 1255 803 1316 oolla
825 1255 998 1318 trahentem.

230 1338 346 1400 lnterea
367 1339 539 1400 innumeras
562 1340 679 1400 nudatis
700 1340 852 1400 montibus
875 1341 1010 1418 urguent
1089 1393 1094 1402 .

188 1423 320 1485 certatim
343 1421 542 1503 ducerentque
564 1443 651 1504 pyras
673 1432 702 1486 et
724 1443 849 1504 corpora
871 1425 974 1487 maesti

188 1527 301 1569 summa
323 1507 437 1582 locaut;
460 1509 538 1570 vadit
559 1509 680 1588 sonipes
703 1511 817 1572 cervice
839 1510 961 1571 remissa

187 1593 319 1654 venatrix
341 1612 396 1655 nec
418 1593 505 1654 turba
526 1613 634 1655 canum
655 1595 864 1674 pecudmnque
878 1604 1033 1656 morantur

185 1678 301 1752 funere,
325 1697 380 1738 nec
402 1696 478 1756 quae
500 1678 609 1758 cuique
629 1699 745 1754 manus,
769 1699 844 1758 quae
866 1698 937 1741 cura
959 1697 1091 1756 suorum,

187 1780 263 1841 quae
284 1763 404 1824 furtum
425 1763 491 1824 fuit.
537 1764 633 1824 medio
656 1783 708 1826 rex
730 1783 837 1844 aggere
858 1765 947 1843 longe

187 1847 312 1921 eminet;
335 1849 416 1909 hunc
439 1849 551 1910 crebris
573 1849 709 1927 quatiens
731 1848 910 1928 singultibus
932 1867 983 1910 ora

186 1933 297 1994 adlevat
318 1932 480 1994 Aesonides
502 1933 641 2012 celsoque
662 1933 781 2013 reponit
802 1933 834 1994 in
856 1941 947 1994 ostro.

187 2017 235 2078 dat
256 2018 349 2096 pictas
371 2035 444 2078 auro
466 2019 561 2098 adque
584 2019 720 2080 ardentes
742 2019 855 2080 murice
876 2024 980 2093 vestes,

186 2121 260 2181 quas
282 2103 386 2182 rapuit,
402 2102 468 2164 telis
490 2103 596 2165 festina
619 2103 791 2166 vocantibus
813 2103 920 2164 austris

186 2187 365 2267 Hypsipyle3
389 2188 500 2266 galeam
522 2188 686 2267 dilectaque
709 2189 827 2268 cingula
849 2188 913 2266 regi

186 2271 285 2347 inicit;
307 2272 357 2333 ille
379 2291 462 2334 suam
484 2273 582 2333 vultus
604 2290 766 2334 conversus
787 2273 823 2334 ad
845 2271 949 2333 urbem

187 2365 303 2438 sceptra
324 2375 414 2418 manu
437 2365 569 2418 veterum
591 2356 699 2418 retinet
722 2361 870 2436 gestamen
892 2373 1023 2418 avorum.

186 2460 255 2502 nam
277 2441 346 2521 quia
369 2459 424 2503 uec
446 2443 545 2521 proles
568 2441 642 2502 alius
665 2461 721 2503 nec
743 2442 872 2521 denique
894 2440 1025 2520 sanguis,

185 2527 250 2607 ipse
272 2527 362 2588 decus
383 2527 528 2606 regnique
550 2527 640 2590 refert
661 2527 778 2606 insigne
800 2526 925 2606 paterni.

185 2612 255 2673 inde
277 2619 323 2673 ter
344 2619 470 2673 armatos
492 2612 598 2692 Minyis
620 2611 817 2673 referentibus
839 2611 926 2673 orbes

186 2697 325 2762 concussi
347 2705 496 2758 tremuere
518 2699 593 2776 rogi,
617 2705 661 2758 ter
683 2697 832 2758 inlrorruit
854 2698 954 2758 aether

185 2781 348 2843 luctificum
371 2782 525 2861 clangente
547 2781 633 2855 tube;
657 2782 752 2842 iecere
775 2800 914 2861 supremo

185 2875 249 2926 tum
272 2866 400 2928 clamore
420 2868 517 2940 faces;
540 2885 645 2945 regum
667 2865 750 2926 labor
772 2865 869 2926 omnis
891 2864 922 2924 in
945 2882 1031 2924 ouras

185 2950 309 3012 solvitur
331 2960 360 3012 et
381 2951 468 3013 celsis
491 2952 651 3012 conlucent
671 2968 798 3029 aequora
821 2948 954 3010 flammis.

186 3035 299 3098 scilicet
319 3037 391 3098 haec
413 3036 465 3097 illo
486 3037 621 3098 iuvenem
644 3036 831 3116 populosque
853 3032 1012 3095 manebant

181 3129 329 3202 tempore,
351 3121 475 3182 Peliacis
497 3123 613 3182 caderet
634 3139 703 3182 cum
724 3119 876 3181 montibus
897 3119 1003 3191 arbor3

185 3206 243 3267 hoc
263 3206 478 3284 volucrumque
499 3207 596 3267 minae
618 3223 818 3284 praesagaque
839 3204 963 3266 fulmina
985 3202 1075 3280 longo

186 3299 249 3351 acta
270 3291 344 3352 mari
366 3291 504 3352 tulerant.
548 3291 599 3352 sed
622 3291 689 3369 quis
712 3308 773 3350 non
796 3289 890 3368 prima
912 3287 1024 3349 refellat
1173 3295 1230 3360 Ι355

185 3383 317 3436 monstra
339 3377 427 3436 deum
448 3377 614 3454 longosque
636 3376 692 3436 sibi
714 3394 775 3436 non
799 3381 924 3452 auguret
945 3369 1063 3434 anuos‘l

186 3460 303 3539 iamque
326 3461 441 3522 solutus
463 3462 559 3521 honos
582 3460 690 3532 cineri,
714 3460 771 3520 iam
793 3457 929 3538 passibus
951 3457 1047 3537 aegris

167 3631 227 3681 328.
245 3632 272 3679 et
288 3644 323 3692 π,
348 3635 373 3679 te
391 3627 452 3679 Sed.
539 3629 597 3680 333.
617 3631 731 3693 tempora
749 3642 783 3691 π,
808 3639 913 3692 corpora
934 3623 955 3676 C
977 3623 1031 3684 (cfr.
1049 3622 1083 3686 ll,
1108 3623 1177 3685 395).

168 3698 225 3749 336.
244 3696 413 3762 funereasque
432 3696 464 3762 V,
482 3695 599 3746 funereae
617 3709 682 3763 quae
700 3695 727 3758 P,
746 3694 833 3746 funere
851 3691 887 3760 M,
905 3693 992 3744 funere
1011 3705 1058 3742 uec
1076 3687 1137 3767 Sed.

101 3768 157 3818 337.
174 3764 253 3831 longo
271 3780 299 3830 a,
317 3765 394 3830 louge
406 3762 431 3816 C.
502 3766 559 3816 341.
578 3762 679 3814 fortuna
696 3779 725 3823 π,
743 3761 832 3814 festina
846 3761 871 3814 0.
942 3761 1000 3812 ato.
1019 3759 1130 3824 parentis
1148 3772 1176 3821 π,

100 3832 198 3900 paterni
216 3850 244 3900 φ.
321 3835 379 3885 347.
398 3847 443 3898 per
461 3849 489 3896 π,
507 3835 545 3882 ter
563 3829 633 3896 Ego.
652 3829 726 3895 (liae.
744 3848 765 3882 c.
786 3832 836 3892 19).
913 3830 972 3882 ³50.
991 3841 1074 3878 rerum
1091 3841 1120 3890 π,
1139 3839 1177 3876 re-

99 3917 159 3969 gum
180 3897 224 3955 Gr.
244 3899 272 3964 (l,
293 3903 343 3965 18).
