2792 4340
456 241 711 297 ARGONAVTlCON
729 244 823 298 LlBER
841 245 883 298 lv.
1190 247 1232 308 67

187 437 262 500 gens
285 417 440 478 hominum
464 416 590 496 adque
582 417 638 495 ipsi
661 416 717 477 iarn
739 425 786 492 te,
810 425 894 498 pater
915 424 1026 500 optime,
1048 428 1165 484 montes
1201 431 1234 482 65

184 505 323 583 fessaque
346 520 413 562 cum
435 501 515 562 silvis
538 508 624 563 orant
645 500 723 580 iuga
768 511 812 563 sat
833 503 886 564 tibi
908 503 1020 566 furtum

184 588 265 670 ignis
288 595 317 649 et
338 586 485 648 aetheriae
507 586 626 648 defensa
648 585 764 648 silentia
785 582 923 649 mensae?

185 675 258 736 dixit
278 672 380 770 ubi3e
402 671 533 768 scopulis
555 671 650 733 media
671 671 750 732 inter
770 672 877 751 pabula
900 673 956 734 diri

184 757 340 820 vulturis
332 775 396 836 ipse
418 756 505 817 etiam
527 756 637 836 gemitu
658 764 827 835 maestaque
848 757 949 837 latigat

185 863 256 906 voce
278 843 376 904 lovem
399 841 491 902 saevis
513 841 644 902 relevans
666 841 800 902 ambusta
821 841 938 921 pruinis

185 929 312 1002 luminam
336 925 545 1005 congeminant
565 944 667 987 amnes
688 945 838 1006 rupesque
859 928 1006 1007 fragorem

187 1015 366 1087 Caucaseam
388 1018 488 1091 stupet
509 1010 573 1090 ipse
596 1010 642 1073 dei
664 1011 842 1072 clamoribus
864 1013 934 1075 ales.

186 1107 259 1160 tunc
281 1098 367 1159 etiam
390 1113 513 1175 superas
535 1096 702 1157 Acheronte
724 1096 841 1157 auditus
863 1098 900 1158 ad
921 1115 1003 1159 arces

185 1183 304 1263 Iapetus
326 1181 438 1261 gravis3
461 1188 595 1241 orantem
617 1180 723 1260 procul
745 1189 825 1243 arcet
847 1181 955 1262 Erinys

185 1267 350 1348 respiciens
372 1264 443 1327 celsi
465 1266 560 1344 legem
582 1265 667 1327 lovis.
711 1265 760 1326 ille
783 1266 904 1327 dearum

185 1354 236 1414 llet
236 1353 355 1414 ibuset
326 1358 483 1447 etmagno
505 1349 616 1412 Phoebi
640 1357 805 1411 commotus
827 1351 940 1413 honore

184 1437 314 1500 velocem
336 1435 431 1497 roseis
453 1435 577 1496 demittit
598 1434 728 1496 nubibus
749 1435 830 1496 lrim.

181 1519 214 1599 ‘i‚
238 1522 369 1626 Phrygas
391 1519 508 1581 Alcides
531 1527 559 1580 et
581 1520 686 1580 Troiae
709 1521 933 1582 diderat.ar1na

185 1602 275 1670 nunc'
300 1606 340 1668 ait
357 1601 477 1684 ‘eripiat
499 1604 579 1666 dirae
601 1603 705 1667 Titana
726 1599 858 1667 volucri?

186 1693 250 1754 diva
271 1691 348 1752 volat
371 1689 523 1768 defertque
544 1689 607 1750 viro
629 1690 783 1751 celeranda
805 1689 937 1769 parentis

185 1777 309 1856 imperia
331 1775 427 1854 adque
449 1774 575 1835 alacrem
597 1773 680 1835 laetis
701 1775 866 1834 hortatibus
888 1773 1001 1853 implet.

227 1861 288 1923 lam
310 1859 424 1940 Minyae
445 1859 550 1920 mediis
572 1858 666 1920 clarae
688 1876 743 1938 per
764 1857 858 1920 sidera
880 1858 976 1919 noetis

186 1945 325 2008 fluctibus
347 1945 508 2005 intulerant
529 1943 645 2024 placido
667 1961 735 2004 cava
757 1943 847 2004 lintea
870 1961 971 2017 cursu,

184 2031 336 2109 multaque
358 2029 474 2091 deserto
496 2047 642 2090 memores
664 2047 755 2109 super
775 2026 902 2090 Hercule
924 2028 1054 2089 volvunt.
1129 2065 1133 2090 ι

185 2115 329 2178 Thracius
351 2121 380 2175 at
401 2131 515 2175 summa
536 2113 624 2174 sociis
647 2133 663 2175 e
685 2131 787 2194 puppe
808 2113 945 2175 sacerdos
1132 2141 1136 2148 ⁸

187 2201 246 2262 lata
268 2200 355 2261 deum
378 2207 408 2260 et
427 2199 552 2260 miserae
574 2198 673 2259 solans
695 2198 881 2260 incommoda
902 2197 976 2259 vitae

184 2303 324 2348 securum
347 2283 479 2345 numeris
501 2283 560 2362 agit
582 2289 611 2344 et
632 2283 803 2344 medicabile
825 2299 960 2357 carmem

184 2370 265 2450 quod
287 2369 374 2430 simul
397 2369 550 2447 adsumpta
572 2366 692 2446 pulsum
713 2367 785 2442 fide,
809 2367 907 2428 luctus
929 2374 959 2428 et
980 2366 1040 2427 irae

185 2464 215 2517 et
235 2454 318 2515 labor
340 2461 369 2514 et
390 2453 491 2514 dulces
514 2452 623 2513 cedunt
610 2459 660 2512 tc
683 2459 803 2531 pectore
825 2451 895 2512 nati.

228 2541 343 2600 luterea
364 2537 466 2640 magni
487 2537 544 2598 iam
566 2536 623 2598 iam
645 2536 842 2598 subeuntibus
868 2534 953 2597 astris

186 2623 296 2686 Oceani
319 2615 444 2703 geditale
466 2629 564 2702 caput,
542 2621 701 2683 tTitauia
721 2621 815 2683 frenis

184 2717 268 2770 antra
290 2716 412 2783 sonant;
435 2706 486 2768 Sol
508 2705 666 2768 auricomis
688 2705 885 2785 urguentibus
907 2705 995 2766 Horis

183 2793 362 2856 multifidum
384 2792 521 2854 iuberet
541 2790 661 2852 bisseno
684 2791 779 2852 sidere
801 2797 908 2850 textam

183 2879 305 2941 loricam
328 2877 477 2950 induitur;
499 2875 570 2954 ligat
591 2875 668 2936 hanc
689 2875 741 2954 qui
764 2872 865 2934 nubila
887 2880 990 2934 contra

183 2963 297 3024 balteus
319 2963 479 3023 undantem
501 2959 591 3021 variat
611 2958 785 3021 mortalibus
806 2975 917 3020 arcum.

183 3048 253 3110 inde
274 3065 365 3127 super
387 3055 480 3108 terras
502 3052 531 3106 et
553 3044 599 3106 eoi
622 3063 734 3106 cornua
754 3043 864 3105 montis

184 3133 304 3194 emicuit
326 3132 472 3210 traxitque
494 3130 570 3191 diem
593 3129 787 3191 candentibus
808 3127 907 3201 undis,

184 3225 214 3279 et
234 3216 347 3296 Minyas
368 3216 429 3276 viso
452 3215 606 3294 liquerunt
625 3214 744 3276 ilaurina
765 3211 895 3274 Phoebo.

225 3302 361 3363 Proxima
383 3299 517 3380 Bebrycii
540 3299 712 3396 panduntur
732 3298 819 3359 litora
840 3295 936 3374 regni,

182 3386 294 3466 pingue
317 3386 413 3446 solum
435 3393 464 3446 et
486 3384 568 3446 duris
590 3385 672 3464 regio
695 3403 757 3445 non
779 3381 875 3443 invida
897 3379 1036 3441 tauris.

181 3489 233 3532 rex
256 3471 401 3567 Amycus3
424 3469 503 3548 regis
525 3469 591 3530 latis
614 3477 643 3530 et
665 3469 788 3530 numine
809 3465 877 3527 freti

182 3574 244 3618 uon
266 3555 360 3617 muris
382 3555 501 3617 cinxere
523 3554 643 3626 domos,
666 3573 727 3615 non
749 3551 868 3613 foedera
889 3549 988 3630 legum

181 3641 242 3702 ulla
265 3641 368 3702 colunt
389 3639 518 3721 placidas
540 3647 590 3700 aut
612 3639 675 3699 iura
697 3635 828 3700 tenentia
849 3643 973 3698 mentes

165 3845 207 3896 65.
226 3842 323 3910 optime
349 3839 393 3904 M,
422 3856 472 3894 om
493 3839 604 3892 VB.-
633 3837 716 3889 lontes
733 3835 840 3890 Nodell
868 3835 938 3900 (obs.
957 3847 982 3900 p.
1000 3834 1052 3897 44)
1135 3835 1174 3886 78

85 3914 175 3968 Trola
193 3911 241 3963 110
295 3911 337 3962 92
357 3909 504 3977 ingentibus
521 3924 550 3974 n,
568 3921 664 3974 urguen
665 3906 785 3975 ιιιιιιιφ,
803 3900 1023 3972 vergentibusB.
1045 3927 1080 4002 ,ἐι
1106 3969 1110 3978 Ι
1173 3903 1220 3976 53

988 3986 1022 4037 ὅ
1053 3981 1218 4053 μή..
