2792 4340
618 199 644 249 G.
662 195 782 247 vatmu
799 193 910 247 FLACGl

285 373 316 432 in
339 371 408 450 iuga
429 377 513 430 senta
534 371 619 448 luga:
642 377 728 448 paret
749 367 846 427 omnis
867 367 987 426 conscia
1008 367 1064 426 late

285 457 372 530 silva,
394 462 501 534 pavent
521 463 647 523 montes,
671 454 752 514 luctu
775 469 938 512 succensus
959 452 1065 512 acerbo
1290 462 1331 513 585

285 540 357 619 quid
378 547 473 599 struat
494 540 609 600 Alcides
630 546 769 616 tantaque
791 537 863 615 quid
884 545 1006 615 apparet
1026 537 1078 596 ira.

285 626 350 700 ille,
372 625 452 684 velut
473 625 569 702 refugi
591 641 680 702 quem
703 623 826 700 contigit
847 621 973 700 inproba
994 621 1087 681 llauri

285 713 387 772 lancea
409 709 591 787 sanguineus
613 715 693 768 vasto
715 709 762 768 leo
784 723 937 775 murmure
958 707 1053 767 fertur

285 795 395 874 frangit
417 802 446 854 et
467 793 618 854 absentem
640 793 738 853 vacuis
760 793 816 852 sub
839 791 976 852 dentibus
997 792 1122 862 hostem,

285 881 329 942 sic
350 879 436 940 iuriis
457 897 581 940 accensa
603 895 709 956 gerens
731 876 903 956 Tirynthius
925 895 976 936 ora
1289 885 1332 935 590

285 968 381 1027 111111
402 971 431 1024 11
452 964 567 1024 1111111
590 963 721 1023 decurrit
740 961 892 1022 montibus
914 979 995 1022 arcu.

285 1052 344 1111 heu
366 1049 491 1110 miserae
514 1049 623 1127 quibus
644 1049 694 1108 ille
715 1047 809 1120 lerae,
832 1045 941 1124 quibus
963 1045 1065 1106 incidit
1091 1063 1216 1123 usquam

286 1134 431 1196 inmeritis
453 1135 620 1212 perlustra
642 1133 714 1194 viril
736 1132 813 1191 volat
834 1131 939 1192 ordine
960 1131 1043 1191 nullo

286 1227 393 1281 cuncta
414 1227 536 1298 petens3
560 1237 641 1280 nunc
663 1217 699 1278 ad
720 1217 799 1296 ripas
821 1216 992 1294 deiectaque
1013 1215 1090 1276 saxis

285 1305 417 1378 llumiua,
440 1323 521 1364 nunc
542 1312 635 1364 motas
657 1320 813 1363 nemorum
834 1301 984 1380 procurrit
1005 1299 1040 1360 ad
1063 1299 1192 1360 umbras.
1289 1309 1330 1360 191

287 1407 392 1449 rursus
415 1388 509 1466 Hylan
532 1397 561 1448 et
582 1405 686 1447 rursus
709 1386 803 1465 Hylan
826 1405 880 1464 per
902 1388 990 1464 longa
1011 1386 1149 1446 reclamat

287 1474 363 1546 avia;
386 1481 565 1550 responsant
586 1471 674 1531 silvae
696 1480 725 1530 11
746 1488 816 1549 vaga
838 1479 930 1531 uertat
951 1472 1056 1549 imago.
1099 1511 1102 1517 -

331 1561 367 1619 ht
389 1557 477 1618 sociis
499 1557 619 1616 immota
640 1557 712 1617 tides
734 1555 900 1634 austrisque
922 1556 1061 1616 secundis

288 1650 382 1703 certa:
406 1660 506 1702 morae
528 1659 583 1702 neo
605 1659 712 1720 parvus
735 1641 832 1720 Hylas,
855 1659 1033 1719 quamquam
1056 1640 1193 1701 omnibus
1216 1658 1311 1718 aeque

288 1735 369 1808 grata
391 1727 572 1802 rudimenta3
596 1726 741 1788 herculeo
764 1725 820 1786 sub
842 1726 962 1786 nomine
984 1727 1123 1805 pendent.
1288 1732 1329 1783 6111

287 1814 371 1874 illum
393 1831 496 1873 onmes
517 1812 645 1872 lacrimis
667 1811 845 1890 maestisque
866 1829 1022 1890 reposcere
1044 1810 1127 1882 votis,

288 1898 452 1976 incertique
475 1906 554 1958 metu
577 1916 659 1957 nunc
679 1897 783 1974 longas
805 1897 891 1956 litore
912 1915 999 1957 voces

288 2001 428 2060 spargere
450 2000 531 2040 nuno
554 1982 628 2041 seris
650 1982 806 2042 ostendere
828 1980 966 2041 noctibus
988 1982 1081 2060 ignes.

288 2067 353 2144 ipse
374 2066 420 2126 vel
442 2065 549 2125 excelsi
571 2083 638 2125 cum
661 2066 750 2126 densa
772 2066 888 2126 silentia
908 2065 1019 2126 montis

289 2158 377 2210 strata
398 2150 444 2210 vel
467 2149 572 2210 oblatis
594 2151 699 2210 ductor
720 2151 797 2211 videt
818 2169 946 2229 aequora
967 2151 1062 2211 ventis

289 2243 346 2295 stat
366 2235 523 2295 lacrimans
543 2253 711 2316 magnoque
733 2235 786 2296 viri
809 2243 966 2296 cunctatur
988 2253 1096 2296 amore.

289 2321 369 2381 illius
392 2320 527 2382 incessus
548 2321 736 2401 habilemque
758 2321 795 2381 ad
816 2329 898 2399 terga
920 2321 1096 2400 pharetram,

288 2405 371 2465 illum
394 2405 472 2466 inter
493 2424 633 2484 proceres
654 2413 840 2484 maestaeque
862 2406 978 2466 silentia
998 2423 1118 2466 mensae

289 2489 405 2566 quaerit
426 2490 514 2566 inops
535 2490 684 2567 quondam
706 2491 820 2568 ingenti
843 2509 1008 2569 conprensa
1031 2491 1194 2550 trahentem

288 2573 355 2632 vina
375 2591 465 2633 manu
488 2580 517 2632 et
538 2574 628 2633 durae
650 2574 827 2635 referentem
848 2583 979 2636 monstra
1006 2593 1156 2635 novercae.

330 2656 395 2717 Neo
412 2657 512 2718 minus
534 2657 645 2718 interea
667 2658 794 2720 crudelis
816 2660 919 2739 iapyga
940 2661 1015 2721 luno

288 2741 409 2803 adsidue
430 2751 528 2804 movet
549 2751 579 2804 et
600 2744 704 2821 primis
726 2763 794 2805 cum
817 2745 929 2806 solibus
952 2746 1045 2806 111111.

287 2828 404 2906 iamque
425 2847 525 2889 morae
548 2829 695 2908 inpatiens
717 2837 890 2890 cunctantes
912 2831 1045 2908 increpat
1066 2847 1156 2889 ausus

288 2913 399 2993 Tiphys
422 2922 451 2974 11
472 2912 569 2973 oblato
590 2922 691 2975 monet
713 2915 771 2975 otia
793 2933 932 2994 rumpere
954 2931 1053 2976 cursu.

287 3015 357 3076 ergo
380 2998 510 3058 animum
532 2999 625 3058 llexus
647 2999 732 3058 dictis
754 2999 889 3060 instantis
911 3000 997 3060 lason

289 3082 425 3143 concedit
446 3082 604 3160 sociosque
626 3083 713 3144 simul
736 3084 778 3143 sio
800 3085 878 3145 latur
899 3085 935 3145 ad
957 3102 1074 3144 omncs:

285 3158 317 3224 ‘o
340 3168 466 3242 utinam,
491 3167 635 3246 Scythicis
657 3175 801 3230 struerem
824 3189 891 3230 cum
913 3169 1018 3230 lunera
1039 3168 1137 3242 terris,

288 3267 343 3308 vox
365 3251 436 3312 mihi
458 3252 594 3314 mentitas
616 3252 716 3313 tulerit
737 3253 875 3314 Parnasia
896 3262 1001 3328 sortes,

289 3333 405 3412 agmine
427 3335 463 3396 de
484 3345 565 3397 tanto
587 3337 700 3398 socium
722 3339 773 3416 qui
794 3339 938 3399 maximus
960 3339 1048 3398 annis

288 3418 410 3494 adforet,
432 3421 514 3482 hunc
535 3423 611 3484 lovis
634 3423 765 3500 imperiis
786 3425 906 3501 latoque
927 3423 1022 3484 teneri

288 3511 355 3565 ante
376 3506 574 3582 procellosum
597 3507 727 3586 scopulis
746 3508 912 3568 errantibus
934 3525 1054 3586 aequor.

289 3587 415 3651 necdum
438 3590 514 3650 lama
535 3592 589 3652 viri
611 3611 667 3653 nec
689 3593 798 3652 certior
820 3593 914 3654 extitit
935 3601 1047 3653 auctor.

274 3793 332 3844 593.
351 3792 413 3844 viris
430 3807 458 3856 n,
476 3791 525 3842 viri
544 3791 604 3843 Sel.
676 3794 733 3844 595.
752 3797 825 3844 notas
843 3809 871 3857 π,
889 3797 971 3844 motas
992 3793 1037 3844 m.
1058 3791 1101 3845 W.
1122 3793 1200 3854 1612).

273 3861 332 3912 tet.
351 3873 450 3912 moraes
469 3859 508 3922 V,
525 3873 608 3912 mores
627 3859 660 3923 Ρ,
679 3873 765 3910 morae
782 3857 824 3920 Μ;
847 3875 917 3912 mors
934 3865 974 3913 est
991 3875 1041 3911 non
1062 3861 1105 3911 ΡΙι.
1126 3858 1169 3912 W.
1188 3861 1270 3923 16221.
