2764 4340
578 169 604 220 C.
622 169 739 222 vatnltl
756 169 875 223 etheel

259 334 397 422 'libentes
419 331 523 400 durate
544 338 657 404 animae
679 342 840 420 dulcesque
861 347 1017 422 parentum

260 407 431 510 eructuat
453 423 623 502 amplexus!
666 425 802 488 lacrimae
825 426 958 488 cecidere
979 426 1107 503 canenti,

258 492 339 570 (111041
362 499 419 596 triti
441 503 499 568 iam
520 509 619 571 clusos
641 510 752 574 invenit
773 511 803 572 in
826 511 945 590 ignibus
967 511 1072 588 Argos

345 581 399 646 Vix
421 607 455 652 ea
475 591 554 657 satus
575 603 646 670 erat,
669 596 765 675 iungit
786 615 854 657 cum
875 595 942 659 talia
964 595 1070 658 ductor
1256 608 1301 661 tto

260 659 424 768 bellonius:
449 679 601 758 ‘superum
623 683 740 760 quando
764 681 898 743 consulta
919 680 1032 755 ridetis,

259 762 277 808 o
300 767 384 831 socri,
408 764 587 844 quandoque
609 766 694 828 datur
715 785 784 846 spes
804 767 929 828 maxima
951 764 1074 844 coeptis,

260 849 310 896 ros
333 857 456 925 quoquc
478 868 560 912 nune
580 851 656 912 vires
679 851 852 930 animosque
874 851 985 914 adferte
1007 857 1156 930 paternos.

261 937 321 984 non
345 928 419 994 mihi
441 933 602 998 Thessalici
623 937 717 1017 pietas
737 937 881 1016 culpanda
903 935 1021 1015 tyranni

260 1013 427 1105 suspective
448 1019 522 1081 doli:
546 1023 618 1100 deus
639 1023 722 1097 haec,
744 1022 816 1084 deus
838 1021 938 1082 omine
959 1022 1060 1083 dextro
1256 1027 1303 1078 245

262 1109 403 1194 imperata
426 1102 491 1184 ipse
512 1125 567 1168 suo
589 1106 681 1168 voluit
703 1106 877 1168 commercia
898 1105 1011 1168 mundo

263 1179 399 1278 luppiter
421 1196 449 1251 et
471 1198 568 1253 mutos
590 1193 744 1254 hominum
766 1191 891 1254 miscere
913 1190 1038 1252 labores
1146 1233 1149 1242 .

262 1275 311 1342 Ιῑθ,
334 1269 399 1347 viri,
421 1295 539 1338 mecum
561 1278 718 1355 dubiisque
740 1277 864 1338 evincite
886 1276 985 1348 rebus,

263 1371 337 1434 quae
357 1360 527 1423 meminisse
549 1362 628 1423 iuvet
648 1361 818 1440 nostrisque
841 1359 1000 1441 nepotibus
1021 1358 1142 1422 instent.

262 1439 338 1501 hane
360 1459 439 1520 vero,
462 1446 544 1521 socii,
566 1447 732 1514 venientem
754 1451 786 1508 ia
807 1446 892 1508 litore
914 1444 982 1507 laeti
1259 1447 1306 1498 25⁰

263 1523 399 1590 dulcibus
421 1530 567 1610 adloquiis
589 1532 719 1611 ludoque
741 1531 857 1594 educite
879 1529 1016 1592 noctem?

263 1620 394 1692 paretur.
438 1616 519 1677 molli
542 1617 663 1678 iuvenes
684 1617 853 1678 funduntur
874 1615 906 1678 in
928 1614 993 1692 alga

264 1698 506 1780 conspicuusque
526 1702 600 1763 toris
622 1701 804 1781 Tirynthius.
849 1708 913 1762 exta
935 1697 1062 1760 ministri

263 1791 345 1863 rapta
369 1785 456 1847 simul
478 1786 596 1850 veribus
620 1786 815 1865 Cereremque
838 1785 944 1847 dedero
966 1782 1111 1845 canistris.

349 1869 468 1950 lamque
490 1875 589 1936 ederat
610 1891 725 1934 summo
749 1873 909 1933 decurrens
930 1868 1038 1930 vertice
1062 1868 1181 1943 Chiron,
1256 1879 1304 1931 255

264 1955 496 2035 clamantemque
519 1959 595 2036 patri
617 1956 723 2036 procul
745 1955 917 2017 ostendebat
940 1953 1083 2016 Achillen.

263 2047 296 2099 ut
318 2058 394 2119 puer
415 2041 451 2100 ad
474 2049 558 2103 nolas
581 2049 711 2102 ereetum
735 2040 820 2102 Pelea
843 2057 928 2100 voces

263 2123 334 2184 vidit
356 2132 385 2185 ct
406 2124 519 2204 ingenti
542 2126 711 2188 tendentem
733 2124 868 2186 bracchia
891 2142 990 2203 passu,

264 2208 381 2270 adsiluit
404 2228 529 2289 caraque
552 2211 602 2272 diu
625 2211 737 2273 corrice
759 2209 910 2289 pependit.

111 2289 120 2304 '
201 2317 206 2344 ’-
264 2293 347 2355 illum
372 2315 426 2356 nec
448 2295 542 2357 valido
563 2296 731 2376 spumantia
752 2295 859 2375 pocula
880 2293 996 2356 Baccho

263 2380 422 2441 sollicitant
444 2382 534 2443 veteri
557 2401 612 2443 nec
634 2380 845 2460 conspicienda
866 2379 985 2440 metallo

264 2464 348 2542 signa
370 2474 488 2539 teneut;
511 2474 610 2545 stupet
632 2467 664 2526 in
687 2465 811 2526 ducibus
834 2480 1034 2542 magnumque
1056 2469 1195 2524 sonantes

263 2547 362 2609 haurit
384 2557 412 2610 et
434 2549 579 2611 llerculco
602 2551 660 2610 lert
681 2548 848 2610 comminus
870 2566 922 2608 ora
944 2547 1034 2610 leoni.

260 2634 358 2696 laetus
381 2641 409 2693 at
431 2633 566 2714 impliciti
589 2634 696 2696 Peleus
717 2633 796 2712 rapit
816 2633 917 2694 oscula
939 2632 1009 2706 nati,

262 2717 487 2798 suspiciensque
509 2719 611 2799 polum
633 2718 758 2799 ‘placido
781 2717 806 2778 si
827 2735 949 2778 currere
969 2717 1060 2779 tluctu
1256 2727 1305 2779 265

264 2803 350 2865 Pelea
373 2804 469 2866 vultis’
492 2804 531 2866 ait
554 2810 726 2883 ‘ventosque
748 2810 850 2883 optare
871 2803 1009 2875 ferentes,

262 2889 330 2962 hoc,
354 2889 464 2968 superi,
489 2898 601 2952 servate
623 2897 721 2970 caput.
765 2896 926 2961 trustem,
953 2885 1072 2960 Chiron,

263 2973 298 3033 da
320 2973 402 3034 mihi.
447 2983 475 3035 te
497 2993 604 3053 parius
625 2974 714 3036 lituos
738 2981 767 3034 et
788 2972 865 3034 bella
886 2973 1056 3050 loquentem

261 3057 400 3132 miretur;
424 3058 479 3118 suh
501 3066 530 3119 te
552 3058 676 3138 puerilia
698 3058 754 3120 tela
776 3057 916 3135 magistro

262 3151 384 3203 venator
405 3143 480 3203 l'erat
502 3151 530 3204 ct
552 3151 683 3206 nostram
705 3141 825 3204 festinet
846 3142 882 3202 ad
903 3140 1035 3202 hastam)
1253 3145 1303 3199 tto

263 3227 402 3286 omnibus
424 3227 492 3290 inde
514 3228 576 3288 viae
598 3229 679 3289 calor
700 3226 832 3289 additus:
856 3226 899 3287 ire
921 3243 975 3305 per
997 3223 1088 3286 altum

262 3329 368 3390 magna
390 3321 489 3373 mente
511 3313 623 3374 volunt.
667 3311 767 3372 Phrixi
789 3310 971 3391 promittitur
992 3309 1099 3370 absens

262 3396 355 3457 vellus
379 3405 407 3458 et
429 3398 536 3458 auratis
560 3400 638 3477 hrgo
661 3396 790 3458 reditura
813 3395 970 3474 corymbis.

348 3479 399 3542 Sol
421 3481 481 3541 ruit
503 3490 531 3544 et
552 3492 647 3543 totum
669 3481 776 3560 Minyis
798 3479 973 3542 laetantibus
996 3477 1118 3540 umbrae

245 3649 304 3700 242.
327 3647 481 3716 quantisque
497 3664 525 3711 π,
544 3646 696 3716 quandoque
722 3646 776 3710 Ga,
801 3646 929 3766 tantispue
952 3643 1003 3698 Hs.
1074 3645 1132 3696 250.
1157 3657 1173 3693 o
1197 3640 1261 3693 socii

178 3715 243 3766 Bur.
311 3715 396 3768 littore
412 3731 442 3780 π,
461 3715 486 3766 in
505 3715 578 3768 litore
595 3713 647 3768 Hs.
710 3716 768 3767 256.
800 3720 873 3768 osten
892 3717 946 3768 eret
971 3711 1003 3777 V,
1027 3710 1178 3764 ostendebat
1202 3706 1260 3774 MC,

177 3787 316 3836 ostentarat
334 3784 362 3849 P,
388 3784 532 3836 ostentabat
552 3783 596 3834 ca.
665 3784 723 3836 265.
747 3781 841 3849 placito
860 3784 890 3832 A.
936 3783 994 3834 271.
1013 3779 1113 3832 indeme
1133 3777 1177 3842 Vi,
1200 3776 1260 3828 inde

175 3851 233 3904 uiae
252 3850 288 3904 Va
300 3853 338 3913 (ta
356 3856 429 3916 sagq,
446 3851 505 3902 inde
529 3860 594 3902 mero
622 3849 657 3916 Μ,
680 3849 738 3901 inde
756 3850 836 3916 magis
856 3848 884 3900 C.
