2780 4350
429 219 685 274 ancunuvrtcort
702 221 796 276 LIBER
813 223 873 275 Vlll.

173 381 294 437 venerat
314 384 344 436 et
365 374 496 437 nemoris
517 395 600 438 sacra
621 396 654 439 se
675 384 762 439 nocte
784 377 909 456 tegebat,

173 469 236 522 turn
258 479 379 540 qnoque
400 461 514 523 siderea
535 463 632 524 clarus
654 464 759 542 procul
781 482 833 524 ora
855 464 981 526 iuventa.

173 546 269 624 qualis
283 547 380 608 adhuc
401 548 512 627 sparsis
535 549 676 609 comitum
698 549 865 628 perlustra
887 550 1011 611 catervis

173 631 305 694 Latmius
326 632 433 693 aestiva
454 633 563 694 residet
583 642 705 694 venator
726 633 757 694 in
779 634 893 710 umbra,

172 718 280 796 dignus
302 736 402 779 amore
423 719 504 794 deae,
526 719 626 780 velatis
647 720 788 780 cornibus
812 728 841 779 et
861 720 919 780 iam

171 801 256 864 Luna
277 803 372 864 venit:
396 821 483 864 roseo
505 804 571 866 talis
591 823 646 884 per
668 805 769 866 nubila
790 805 897 866 ductor
1184 817 1215 866 30

171 888 274 968 implet
294 887 410 949 honore
432 907 537 950 nemus
559 889 705 969 talemque
727 898 861 970 expectat
882 898 1037 952 amantem.

172 992 240 1034 ecce
263 982 361 1035 autem
382 974 502 1054 pavidae
523 975 605 1054 virgo
628 976 664 1036 de
685 994 768 1038 more
790 975 952 1051 columbae,

172 1078 247 1137 quae
269 1078 360 1138 super
381 1059 496 1138 ingenti
519 1059 697 1122 circumdata
718 1060 867 1141 praepetis
889 1061 992 1122 umbra

171 1144 202 1205 in
224 1162 442 1224 quemcumque
463 1153 594 1207 tremens
615 1146 766 1208 hominem
788 1147 920 1208 1111111-
942 1147 1013 1207 liant
1034 1165 1120 1207 secus
1142 1147 1192 1208 illa

171 1237 233 1291 acta
255 1229 361 1290 timore
383 1230 462 1308 gravi
484 1231 610 1292 mediam
631 1251 664 1292 se
684 1231 782 1306 misit;
805 1239 834 1292 at
854 1231 904 1291 ille
1182 1244 1212 1293 35

171 1315 287 1395 excepit
307 1315 475 1395 blandoque
496 1316 580 1396 prior
602 1317 645 1378 sic
666 1336 718 1378 ore
740 1317 877 1378 locutus:

167 1393 198 1461 ‘o
221 1401 312 1462 decus
334 1400 364 1461 in
387 1409 506 1462 nostros
527 1420 668 1481 magnum
688 1410 811 1464 ventura
832 1407 964 1481 penates

171 1485 293 1564 solaque
314 1493 463 1547 tantarum
484 1486 566 1566 virgo
587 1489 659 1548 haut
681 1487 801 1568 indigna
823 1487 937 1548 viarum

170 1589 257 1632 causa
278 1579 395 1651 reperta
416 1571 497 1647 mihi,
520 1572 659 1635 iamiam
680 1592 741 1634 nou
763 1574 823 1634 ullu
844 1571 964 1650 requiro
1031 1603 1058 1622 ψ·

168 1656 275 1718 vellera
297 1663 386 1735 teque
407 1676 489 1718 meae
510 1659 580 1718 satis
603 1666 647 1718 est
669 1659 822 1737 quaesisse
842 1657 968 1720 canuae.
1180 1668 1211 1718 40

171 1761 273 1803 verum
295 1761 348 1820 age
370 1749 400 1802 et
420 1743 478 1803 hoc
499 1742 596 1816 etiem,
619 1743 855 1822 quandopotes,
876 1743 959 1802 adice
981 1742 1068 1800 tantis

168 1826 343 1888 muneribus
364 1827 538 1906 meritisque
559 1827 634 1902 tuis;
658 1847 787 1906 namque
808 1844 897 1890 aurea
917 1827 989 1888 iussi

168 1920 251 1992 terga
272 1913 383 1974 referre
405 1930 523 1987 sumus;
546 1913 642 1974 socios
665 1933 699 1974 ea
721 1913 813 1992 gloria
834 1907 946 1991 tangit'

169 1998 212 2058 sic
234 1998 274 2058 ait
295 2005 324 2059 et
345 1996 449 2077 primis
470 1999 596 2078 supplex
609 1998 697 2061 dedit
718 1999 820 2060 oscula
841 1997 955 2079 palmis

212 2083 319 2144 Contra
340 2083 422 2163 virgo
446 2084 529 2145 novis
551 2085 658 2146 iterum
681 2083 859 2164 singultibus
882 2102 949 2144 orsa
964 2090 1026 2144 est:
1179 2095 1209 2143 45

73 2221 75 2228 .
165 2162 282 2247 ‘linquo
304 2170 407 2230 domos
429 2169 537 2248 patrias
559 2177 588 2230 te
610 2177 732 2250 propter
753 2188 885 2250 opesque
905 2187 1059 2242 meorum

169 2273 225 2314 uec
246 2254 303 2314 iam
325 2273 406 2314 nunc
427 2254 530 2334 regina
551 2255 667 2334 loquor,
690 2255 875 2334 sceptrisque
896 2253 1007 2314 relictis

167 2347 233 2400 vota
255 2357 380 2419 sequor:
404 2357 487 2400 serva
508 2340 585 2400 banc
606 2341 758 2418 profugae,
781 2339 865 2419 prior
884 2339 949 2418 ipse
971 2338 1075 2399 dedisti

168 2443 256 2502 quam
278 2425 347 2503 (scis
369 2425 607 2504 nempetlidem.
652 2425 681 2485 di
704 2424 815 2486 nostris
837 2423 958 2488 vocibus
979 2423 1096 2499 adsunt

167 2510 264 2570 sidera
286 2518 315 2570 et
337 2510 409 2570 haec
431 2517 460 2570 te
482 2529 589 2588 meque
611 2511 725 2585 vidant3
748 2519 846 2571 tecum
869 2525 1006 2588 aequora,
1030 2517 1128 2572 tecum
1178 2520 1209 2570 oo

168 2595 302 2675 experiar
324 2613 526 2674 quascumque
547 2595 617 2672 vias,
638 2597 727 2658 inodo
749 2596 856 2676 nequis
877 2595 1008 2656 abactam

167 2681 226 2741 huc
247 2681 355 2742 reserat
375 2699 422 2741 me
443 2681 519 2742 lorte
542 2681 604 2746 dios
626 2681 782 2760 cordisque
803 2681 934 2762 parentis

167 2765 299 2845 ingerar;
321 2767 379 2826 hoc
400 2785 535 2844 superos,
558 2767 616 2826 hoc
637 2774 666 2828 te
688 2785 808 2844 quoque
830 2767 983 2844 deprecor,
1007 2760 1134 2844 hospes?

209 2851 288 2913 llaec
309 2852 349 2912 ait
369 2852 465 2928 adque
486 2852 590 2911 furens
610 2852 713 2930 rapido
736 2869 790 2930 per
812 2851 893 2912 devia
914 2865 1005 2928 passu

166 2937 288 2998 tollitur.
333 2936 382 2997 ille
403 2937 505 2997 haeret
526 2954 625 2996 comes
647 2943 677 2998 et
696 2935 854 2997 miseratur
876 2941 1004 3006 euntem,
1177 2945 1207 2992 55

166 3040 235 3083 curn
257 3022 353 3083 subito
376 3022 526 3100 ingentem
548 3021 644 3082 media
665 3022 744 3082 iuter
766 3021 867 3082 nubila
888 3022 1032 3085 flammam

167 3107 313 3187 conspicit
336 3116 365 3168 et
386 3125 470 3168 saeva
490 3105 639 3168 vibrantes
661 3107 727 3168 luce
749 3107 896 3168 tenebras.
991 3137 994 3147 ·

161 3187 243 3270 ‘quis
264 3192 356 3253 rubor
378 3192 433 3254 iste
454 3189 538 3271 poli?
560 3193 641 3270 quod
662 3200 721 3253 11111
743 3193 868 3270 lugubre
890 3189 1006 3252 refulsit

165 3273 279 3338 sidusl'
304 3277 353 3338 ait.
397 3277 492 3339 reddit
513 3276 628 3356 trepido
650 3278 698 3338 cui
720 3277 788 3338 talia
809 3278 906 3356 virgo:

162 3357 270 3443 ‘ipsius
292 3381 330 3424 en
353 3362 455 3424 oculos
478 3371 508 3424 et
528 3362 640 3426 lumina
661 3371 742 3424 torva
764 3362 900 3424 draconis

165 3448 288 3529 aspicis;
311 3448 361 3510 ille
382 3448 445 3522 suis
466 3449 538 3510 haec
558 3449 652 3510 vibrat
671 3449 789 3528 lulgura
811 3448 917 3523 cristis,
1016 3480 1020 3490 ·

165 3553 274 3612 meque
294 3541 382 3596 tuens
405 3543 508 3596 contra
530 3535 622 3596 solam
644 3534 722 3597 videt
742 3553 776 3595 ao
797 3541 882 3595 vocat
902 3533 991 3608 ultro,

148 3689 190 3740 35.
207 3685 258 3737 icta
277 3685 374 3749 G(efr.
393 3686 458 3735 Aen.
477 3684 507 3749 ll,
525 3688 576 3750 63).
645 3687 686 3738 39.
705 3685 755 3736 iam
775 3683 808 3749 V,
824 3684 875 3734 iam
891 3686 942 3736 iarn
961 3681 1002 3745 Μ,
1020 3681 1069 3730 iarn
1088 3694 1156 3732 nuuc

80 3754 107 3806 0.
178 3757 220 3806 55.
237 3754 339 3806 miserat
356 3756 470 3805 urentem
488 3753 520 3816 V,
538 3754 670 3805 miseratur
688 3758 791 3805 euntem
809 3752 844 3817 M,
862 3753 966 3804 miretur
984 3753 1085 3800 euntem
1103 3745 1155 3799 Me.

77 3825 164 3888 (3⁷4),
182 3821 234 3884 cfr.
253 3823 318 3874 Aen.
336 3822 383 3886 Vl,
406 3825 465 3875 416.
484 3852 518 3860 -
536 3823 577 3876 62.
596 3835 692 3890 pavens
709 3837 746 3887 n,
764 3825 838 3872 tuens
857 3822 931 3886 seu,
949 3819 1038 3871 laneus
1056 3817 1102 3868 He.
1122 3841 1152 3856 -

77 3890 188 3942 advocat
205 3907 234 3957 π,
251 3905 282 3943 ac
298 3895 374 3942 vocat
393 3888 420 3941 0.
1208 3893 1211 3898 '

946 3969 1001 4023 10*
