2792 4340
615 182 642 233 (l.
661 183 784 238 vacum
800 185 911 238 FLAGGl

289 347 528 442 quamflNemeeu
550 358 593 412 tot
614 353 691 414 sessa
712 355 812 431 minis,
835 378 911 437 quae
932 359 1054 420 humina
1076 360 1190 422 Lernae

290 430 446 528 experiari
468 433 604 514 Phrygiis
626 439 705 500 ultro
728 459 908 504 concurrere
929 444 1071 504 monstris

289 532 397 612 nempe
418 536 513 580 urum
536 529 565 580 et
585 523 711 600 pulchro
733 536 914 589 reserantem
936 529 1077 608 Pergama
1100 538 1205 609 coepto

290 599 424 662 vadimus.
470 623 507 665 en
531 623 584 683 ego
608 626 689 669 nunc
711 628 816 690 regum
838 614 943 674 sorori
963 621 992 674 et
1011 614 1085 674 mihi
1109 617 1205 696 gentis

289 683 374 782 ull-us
390 686 508 782 lionos‘l
531 689 588 752 iam
603 698 672 752 vtum
693 694 849 758 indecores
871 699 1024 777 iustaeque
1046 700 1183 761 dolorum

288 777 449 847 primitiae,
472 781 505 834 ut
526 783 628 836 tenero
649 781 778 857 superati
802 783 939 860 protinus
961 799 1083 862 angues

290 853 446 950 debueram
470 859 567 920 nullos
590 861 688 924 iuveni
710 865 767 926 iarn
790 885 933 945 quaerere
955 885 1041 929 casus

288 947 363 1002 victa
385 962 440 1006 nec
453 944 500 1041 ¹ad⁸
520 945 592 1006 tales
613 946 712 1010 lorsan
736 951 914 1013 descendere
936 969 1062 1032 pugnas.

288 1042 390 1087 verum
413 1049 518 1091 animis
540 1031 643 1093 insiste
663 1035 723 1096 tuis
745 1043 899 1116 astumque
921 1055 975 1117 per
997 1055 1115 1100 ornnem

291 1113 378 1173 tende
400 1117 514 1195 pudor;
537 1136 605 1178 mor
627 1126 655 1178 et
676 1119 781 1180 Furias
801 1121 956 1201 Ditemque
978 1119 1122 1185 movebo.²

288 1197 361 1258 haec
383 1201 422 1262 ait
444 1210 473 1264 et
493 1202 604 1283 pariter
624 1203 697 1265 laevi
719 1206 787 1286 iuga
809 1208 896 1286 pinea
918 1208 1027 1268 montis

290 1285 411 1363 respicit
432 1307 465 1350 ae
488 1288 613 1367 pulchro
635 1299 774 1352 venantes
797 1293 913 1371 agmine
935 1289 1094 1372 Nymphas,

289 1368 436 1434 undarum
459 1391 673 1453 nemorumque
695 1376 793 1437 decus.
838 1377 909 1439 levis
932 1378 1070 1439 omnibus
1092 1397 1179 1440 arcus

290 1462 318 1516 et
340 1457 471 1520 manicae
492 1458 600 1521 virides
621 1460 780 1539 strictaque
802 1471 946 1524 coturnus
968 1462 1090 1538 habena,

290 1559 405 1604 summo
428 1544 504 1623 palla
527 1563 615 1624 genu,
637 1546 720 1607 tenui
742 1565 837 1626 vagus
855 1549 966 1609 innatat
988 1547 1065 1609 unda

288 1628 380 1689 crinis
401 1631 437 1690 ad
459 1630 601 1693 obscurae
623 1631 784 1693 decurrens
806 1633 925 1713 cingula
945 1649 1097 1693 mammae.

289 1715 352 1794 ipsa
375 1714 527 1778 citatarum
549 1717 637 1780 tellus
659 1717 733 1798 pede
755 1718 857 1797 plausa
879 1735 1016 1779 sororum

288 1810 429 1882 personat
450 1811 479 1864 et
500 1804 610 1865 teneris
632 1803 788 1865 summittit
809 1803 940 1882 gramina
964 1801 1082 1881 plantis.

290 1907 305 1949 e
328 1888 436 1967 quibus
453 1885 603 1950 ¹herculeo
626 1891 743 1969 Dryope
765 1907 905 1968 percussa
928 1889 1053 1966 fragore,

290 1992 358 2034 cum
379 1974 517 2052 lugerent
537 1974 593 2034 iam
616 1975 671 2035 tela
694 1975 784 2049 serae,
806 1980 991 2052 processerat
1012 1972 1089 2032 ultra

289 2057 438 2119 turbatum
459 2058 557 2119 visura
578 2077 699 2132 nemus,
722 2059 893 2137 fontemque
916 2057 1032 2136 petebat

290 2161 395 2204 rursus
417 2151 446 2204 et
466 2143 606 2204 attonitos
629 2143 773 2205 referebat
796 2143 831 2203 ab
853 2142 981 2204 Hercule
1003 2141 1111 2202 vultus.

289 2228 366 2290 hanc
389 2228 506 2309 delapsa
528 2229 597 2308 polo
621 2229 781 2308 piceaeque
803 2228 926 2289 adclinis
948 2245 1056 2306 opacae

289 2315 364 2377 luno
387 2324 469 2376 vocat
490 2332 658 2395 prensaque
679 2333 769 2376 manu
791 2313 834 2374 sic
856 2313 962 2374 blanda
983 2311 1132 2390 protatur:

287 2395 390 2480 ‘quem
411 2401 464 2461 tibi
486 2400 625 2479 coniugio
647 2408 691 2460 tot
713 2399 866 2477 dedignata
889 2397 980 2458 dicavi

289 2485 423 2564 Nympha
445 2503 569 2563 procos,
592 2503 628 2544 en
651 2483 811 2544 llaemonia
833 2500 909 2561 puer
929 2481 1041 2561 adpulit
1063 2479 1140 2555 alno,

291 2570 387 2629 clarus
410 2568 514 2648 Hylas,
538 2569 688 2646 saltusque
710 2575 777 2628 tuos
799 2567 956 2644 fontesque
977 2572 1119 2645 pererrat.

289 2654 385 2715 vidisti
408 2654 501 2714 roseis
523 2653 596 2714 baec
617 2671 672 2732 per
692 2652 757 2712 loca
777 2650 910 2712 Bacchus
932 2650 1054 2712 habenis

290 2758 359 2800 cum
381 2739 504 2801 domitas
526 2739 603 2800 acies
626 2745 655 2799 et
676 2736 730 2798 Eoi
752 2736 863 2798 lercula
888 2736 973 2814 regni

291 2825 412 2888 duceret
433 2845 466 2887 ac
489 2843 593 2886 rursus
615 2823 726 2885 thiasos
748 2831 776 2882 et
798 2839 880 2884 sacra
905 2829 1050 2893 moveret;

289 2909 370 2971 huuc
391 2911 443 2971 tibi
466 2910 511 2970 vel
533 2910 629 2988 posito
651 2916 806 2970 venantem
829 2906 946 2987 pectine
967 2904 1121 2966 Phoebum

290 2997 376 3056 crede
400 2995 470 3056 dari.
516 3013 591 3072 quae
615 3011 683 3072 spes
705 2992 847 3072 Nymphis
870 2991 1003 3053 aufertur
1024 2987 1162 3051 Achaeis!

290 3089 478 3160 praereptum
501 3086 611 3157 quanto
634 3077 733 3156 proles
755 3077 881 3138 Boebeia
903 3083 1010 3154 questu

291 3165 388 3225 audiet
410 3173 438 3226 et
459 3163 524 3224 ssavi
547 3181 635 3241 quam
657 3162 749 3223 tristis
772 3171 838 3224 nata
859 3155 1046 3240 Lyconnael'

274 3315 332 3364 511.
349 3313 423 3365 belua
440 3331 469 3379 π,
487 3312 590 3366 tlumina
610 3311 679 3366 Bur.
698 3311 760 3375 (cfr.
777 3313 804 3377 ll,
823 3315 893 3378 496).
962 3313 1020 3364 513.
1038 3315 1117 3378 ponto
1134 3325 1170 3374 π,
1188 3311 1283 3376 coepto

205 3380 276 3437 Bur.
347 3385 405 3434 515.
423 3383 609 3448 iussaequerr,
628 3381 759 3448 iustaeque
777 3381 823 3432 He.
895 3381 952 3433 516.
972 3383 997 3430 et
1014 3395 1043 3442 rr,
1061 3381 1089 3430 ut
1107 3377 1151 3428 He.
1222 3379 1283 3429 ata.
1375 3377 1376 3396 l

208 3454 346 3516 actumque
362 3466 391 3514 π,
409 3455 542 3516 astumque
561 3450 606 3501 ue.
618 3477 652 3487 -
669 3448 779 3500 movebo
796 3465 825 3513 π,
843 3463 889 3514 per
907 3461 1007 3499 omnem
1027 3446 1053 3497 C.
1124 3447 1182 3498 520.
1201 3443 1283 3498 ditem

206 3517 335 3588 quomodo
352 3517 430 3569 verbo
449 3518 485 3580 V,
503 3517 581 3568 dltem
598 3531 701 3583 quoque
719 3517 797 3568 verbo
815 3516 849 3581 Ρ,
873 3515 952 3567 ditem
970 3529 1021 3581 quo
1039 3513 1163 3565 movecbo
1182 3511 1213 3564 M
1216 3551 1224 3577 ‚
1243 3513 1282 3563 di·
1375 3515 1376 3570 1

206 3593 309 3654 temque
336 3586 446 3637 movebo
470 3584 525 3637 Om.
612 3587 670 3636 524.
698 3589 724 3635 et
741 3585 828 3636 stricta
847 3587 945 3651 myrtus
963 3600 999 3646 π,
1027 3583 1115 3634 stricta
1133 3585 1158 3633 et
1176 3584 1283 3648 corytus
1375 3575 1376 3620 ἶ

206 3655 351 3720 lleinera'm,
369 3654 507 3721 strictaque
524 3656 645 3704 coturnus
663 3653 726 3705 Sela.
801 3654 859 3704 525.
879 3651 967 3703 umbra
984 3667 1013 3714 π,
1030 3649 1098 3702 unda
1114 3647 1139 3701 J.
1160 3649 1220 3712 (cfr.
1239 3647 1281 3714 111,
1375 3631 1376 3696 l

205 3795 240 3857 t).
309 3791 368 3842 939.
386 3738 476 3855 percule
495 3787 527 3850 V,
546 3802 591 3854 per
607 3788 662 3838 loca
682 3785 717 3852 M,
736 3787 847 3854 pericula
866 3787 894 3851 Ρ,
913 3785 1011 3852 peuda
1023 3785 1049 3848 G,
1068 3785 1163 3837 fercula
1181 3785 1221 3838 Pr'.

205 3862 264 3913 540.
282 3861 426 3908 moventem
443 3873 472 3922 n,
489 3860 604 3908 moveret
621 3855 658 3905 Pi.
1375 3817 1376 3902 l
