2792 4340
458 199 714 256 ansouavutcott
732 203 825 258 LIBER
843 207 885 259 lV.

179 374 257 454 quid
278 373 353 435 ferat
374 373 532 436 admirans.
577 381 735 453 postquam
757 395 889 440 remeare
910 390 1083 446 monentem

180 460 269 520 oeius
291 465 321 519 et
342 457 427 519 dietis
449 466 630 538 perstantem
652 461 747 522 ceruit
768 462 799 524 in
822 463 925 538 isdem,

180 544 293 623 abripit
316 550 345 604 et
367 543 466 617 sociis,
489 561 565 622 quae
587 543 647 604 sint
668 563 712 620 ea,
734 563 872 626 promere
894 551 982 630 cogit.

179 629 233 690 ille
254 645 375 690 manum
398 628 523 690 tendens
541 624 615 690 ‘non
637 624 718 690 haeo’
740 631 781 692 ait
799 627 927 713 ‘hospita
949 637 1032 699 vobis
1186 653 1237 704 115

180 721 272 788 terra,
295 713 359 790 viri,
382 731 444 774 nou
466 713 515 774 hio
537 712 614 774 ullos
636 716 799 778 reverentia
821 718 896 779 ritus

180 805 320 878 peotora;
342 816 424 858 mors
446 797 557 858 habitat
578 815 740 878 saevaeque
761 800 819 864 hoo
841 802 927 864 litore
948 823 1079 885 pugnae.

182 883 241 944 iam
263 883 360 945 veniet
382 882 462 944 diros
485 884 612 962 Amycus
635 884 687 961 qui
709 884 812 948 tollere
835 897 950 950 caestus

181 968 309 1047 imperet
331 975 361 1030 et
381 975 462 1029 vasto
485 968 537 1046 qui
558 967 667 1030 vertice
690 969 791 1032 nubila
812 972 920 1051 pulset.

180 1052 249 1112 talis
272 1053 302 1112 in
325 1052 460 1114 advectos
481 1052 615 1132 Neptuni
638 1053 748 1116 eredita
769 1057 869 1135 proles

180 1145 335 1198 aeternum
357 1137 430 1198 furit
451 1137 547 1217 adque
568 1154 680 1217 aequae
701 1139 816 1202 virtutis
838 1150 968 1220 egentes,

181 1241 238 1283 eeu
261 1238 403 1301 superum
425 1241 533 1302 segnes
554 1222 590 1283 ad
612 1222 714 1300 iniqua
736 1225 836 1286 altaria
858 1234 958 1288 tauros

182 1307 351 1380 constituit,
374 1307 492 1368 tandem
514 1315 547 1368 ut
569 1307 678 1368 misero
699 1307 774 1370 lavet
795 1328 874 1370 amna
896 1311 1028 1372 cerebro.

182 1391 328 1454 consulite
349 1399 438 1471 atque
459 1391 546 1470 fugae
567 1391 698 1454 medium
721 1413 758 1456 ne
780 1395 901 1456 temnite
923 1404 1049 1477 tempus.

182 1495 310 1555 narnque
332 1475 380 1536 isti
402 1477 511 1538 frustra
533 1477 670 1556 quisnam
694 1497 873 1542 concurrere
895 1489 1028 1544 monstro
1184 1495 1227 1546 155

181 1561 300 1635 audeat,
324 1569 354 1624 et
375 1579 519 1640 quaenam
542 1562 628 1623 talem
651 1561 759 1626 vidisse
780 1561 949 1644 voluptas?

181 1646 289 1707 ductor
310 1645 346 1706 ad
368 1646 440 1708 haee
458 1641 625 1726 ‘Bebryxne
648 1649 731 1710 venis
754 1649 925 1729 diversaque
947 1651 1010 1730 regi

180 1730 270 1792 eorda
292 1729 422 1810 gerens?
446 1731 564 1808 (melior
585 1731 665 1810 vulgi
688 1751 757 1793 nam
779 1753 866 1814 saepe
888 1735 1035 1812 veluntas)

179 1816 275 1876 hostis
296 1835 333 1876 an
356 1816 485 1878 externis
506 1816 566 1877 lato
589 1816 703 1877 delatus
724 1817 760 1878 ab
783 1816 866 1878 oris?
1111 1824 1117 1832 '

181 1909 211 1962 et
232 1909 282 1961 tua
304 1919 359 1963 cur
380 1902 509 1981 Amycus
532 1909 631 1962 caestu
653 1902 787 1964 nondum
810 1903 909 1964 obruit
930 1902 1004 1964 ora?

180 1979 298 2047 nomen'
322 1987 362 2047 ait
379 1982 549 2066 ‘praedulce
571 1986 645 2046 mihi
667 2005 839 2067 numenque
861 1995 982 2050 secutus

181 2072 288 2132 Otreos
309 2072 451 2133 unanimi.
496 2072 586 2133 decus
607 2070 657 2134 ille
679 2079 708 2133 et
729 2072 803 2134 laeta
824 2091 948 2134 suorum

180 2157 273 2235 gloria
296 2175 351 2217 neo
372 2165 485 2218 vestros
508 2174 606 2218 eomes
628 2159 833 2236 aspernandus
855 2158 886 2218 in
908 2165 992 2220 aetus

180 2241 340 2303 Hesionam
363 2249 392 2302 et
412 2241 556 2320 Phrygiae
579 2248 693 2320 peteret
714 2261 782 2304 oum
806 2243 910 2322 gaudia
932 2251 1050 2322 nuptae,

179 2325 229 2387 hio
252 2327 393 2406 Amycum
416 2334 517 2388 contra
540 2327 640 2387 iussus
663 2327 742 2387 stetit
764 2327 860 2406 adque
882 2345 936 2406 ego
959 2328 1069 2406 palmas
1180 2338 1224 2390 165

180 2411 321 2490 inplicui3
344 2412 396 2472 sed
418 2411 512 2490 prima
535 2411 640 2489 procul
661 2411 780 2474 vixdum
802 2430 853 2472 ora
875 2411 998 2474 levantis

179 2495 321 2557 fulruinea
343 2496 471 2557 frontem
494 2497 595 2558 dextra
617 2495 797 2574 disiectaque
818 2496 894 2558 ludit

180 2581 306 2654 lumina;
329 2600 377 2641 me
399 2599 561 2660 numquam
583 2580 641 2642 leto
665 2582 802 2660 dignatus
826 2590 855 2644 et
877 2582 975 2658 amnis,

179 2665 232 2726 sed
253 2665 381 2728 lacrimis
403 2666 502 2746 potius
524 2667 667 2745 luctuque
688 2666 828 2730 absumor
850 2667 948 2729 inerti.

180 2769 249 2830 spes
270 2759 385 2825 tamen,
407 2751 454 2811 his
475 2750 565 2811 laudo
588 2751 613 2811 si
636 2751 760 2812 nuntius
783 2751 878 2813 extitit
898 2752 959 2811 oris

180 2843 210 2896 et
231 2835 453 2915 Mariandynum
476 2835 585 2914 patrias
607 2836 770 2913 penetrarit
791 2835 828 2895 ad
849 2834 948 2908 urbes,

180 2920 260 2980 unde
283 2938 378 2999 genus
399 2921 548 2998 fraterque
570 2918 633 2978 viro
655 2953 696 2962 -
720 2919 771 2980 sed
794 2927 823 2981 et
838 2918 887 2980 ille
910 2917 1019 2997 quierit

180 3023 233 3065 oro
255 3024 312 3066 neo
333 3005 415 3066 vanis
438 3003 549 3065 cladem
570 3003 667 3083 Lycus
689 3013 794 3084 augeat
814 2997 922 3066 armis?

222 3089 301 3151 Haeo
322 3089 374 3150 uhi
397 3107 458 3150 non
481 3089 540 3150 ulla
562 3089 683 3150 iuvenes
704 3089 861 3151 fonnidine
882 3088 954 3150 moti

180 3174 331 3254 accipiunt
351 3173 429 3236 videt
451 3182 480 3234 et
502 3174 574 3235 dura
597 3174 639 3234 sio
662 3192 786 3254 pergere
809 3181 917 3245 mente,

179 3265 261 3338 terga
283 3260 367 3338 sequi
389 3277 594 3338 properosque
616 3259 698 3320 iubet
720 3260 902 3336 coniungere
925 3273 1054 3335 gressus.

179 3343 265 3404 litore
287 3344 319 3404 in
342 3352 472 3405 extremo
495 3345 637 3423 spelunea
658 3343 795 3423 apparuit
815 3343 931 3420 ingens,

178 3427 334 3488 arboribus
356 3447 447 3507 super
468 3436 497 3488 et
519 3429 606 3489 dorso
630 3435 764 3490 contecta
784 3426 918 3500 minanti,

179 3531 241 3573 non
264 3532 339 3591 quae
361 3514 438 3576 dona
461 3513 518 3586 die,
541 3532 602 3575 nou
625 3531 701 3592 quae
723 3513 818 3572 trahat
839 3511 965 3572 aetheris
987 3510 1101 3589 ignem;

163 3664 220 3713 155.
240 3662 373 3729 quisquam
391 3679 420 3727 π,
438 3663 554 3729 quisnam
573 3663 603 3713 B.
683 3665 737 3714 159.
755 3661 849 3728 hospes
866 3659 918 3714 He.
992 3662 1047 3712 161.
1066 3673 1170 3710 nomen-

89 3745 144 3796 que
161 3745 196 3793 π,
224 3745 370 3797 numenque
393 3731 442 3794 Be,
467 3729 623 3796 ductumque
647 3730 691 3780 He.
764 3731 819 3781 110.
861 3729 945 3780 nando
964 3726 1040 3778 Selr.
1112 3729 1168 3778 tta.

89 3796 177 3865 gracia
196 3813 243 3849 nee
262 3797 289 3850 C.
396 3801 452 3851 115.
479 3797 549 3849 dolet
566 3813 603 3860 n,
628 3796 699 3848 videt
715 3796 790 3855 Set.;
815 3745 887 3848 doior
904 3799 930 3848 et
948 3794 1023 3846 dmas
1039 3794 1171 3860 insurgere

89 3867 193 3916 mentes
212 3865 238 3917 C.
311 3869 368 3918 119.
388 3866 464 3918 deum
482 3881 510 3928 n,
528 3864 569 3916 die
586 3865 629 3916 Pe.
650 3863 723 3928 (Vlll.
744 3867 812 3928 195).
