2764 4340
463 216 716 274 ARGCNAVTlCCN
734 221 827 276 hlBER
844 223 882 277 lll.

185 389 301 473 primus
324 397 353 451 et
374 389 484 469 ignaris
507 391 604 452 dirum
625 392 722 454 scelus
736 395 839 471 ,attulit
861 396 983 459 umbris.

187 495 243 538 nec
264 475 318 536 tibi
341 475 526 537 Thessalicos
548 484 619 538 tunc
641 478 762 556 profuit,
787 479 908 559 Ornvte,
934 501 1018 563 reges

186 560 324 641 hospitiis
344 569 395 621 aut
416 570 516 622 mente
536 579 634 623 moras
655 563 763 625 fovisse
785 564 913 644 benigna

188 654 217 708 et
238 645 349 706 laribus
372 663 502 708 sacrasse
526 647 618 721 diem;
641 648 747 726 procul
769 650 885 710 advenit
907 651 1009 713 Idmon

188 729 378 810 oblatumque
398 731 468 792 ferit
490 731 600 811 galeam
623 733 785 812 cristasque
807 735 957 811 rubentes,

187 815 318 876 heutua
340 817 426 892 dona,
450 835 566 895 gerens.
610 835 699 895 quem
720 827 749 879 te
771 820 948 900 qualemque
969 822 1077 884 videbit

187 900 339 976 attonitae,
363 901 501 976 Crenaee,
524 903 648 981 parensl
673 922 709 964 cn
732 903 857 983 frigidus
880 906 966 966 orbes

186 1003 356 1066 purpureos
377 986 433 1047 iam
457 1005 580 1048 somnus
602 985 673 1062 obit,
695 987 752 1048 iam
775 990 885 1050 candor
907 999 934 1051 et
956 994 1026 1053 anni

188 1070 328 1132 deficiunt
349 1072 466 1150 vitaque
487 1072 563 1150 fugit
585 1072 675 1132 decus
698 1091 785 1134 omne
807 1074 911 1135 soluta.

187 1155 289 1218 desere
311 1175 392 1218 nunc
414 1173 521 1217 nemus
543 1165 572 1217 et
592 1156 792 1236 Nympharum
815 1159 908 1220 durus
929 1177 1054 1223 amores.

186 1249 215 1302 at
237 1240 351 1302 diversa
372 1242 468 1320 Sagen
490 1241 656 1303 turbantem
678 1241 778 1303 fallere
801 1261 891 1304 nervo

186 1333 249 1386 tum
272 1326 402 1404 primum
423 1344 500 1406 puer
521 1343 611 1387 ansus
632 1326 738 1406 Hylas,
762 1345 831 1406 spes
852 1328 977 1390 maniam
998 1330 1083 1392 bellis

186 1410 312 1491 pulcher
333 1411 431 1490 Hylas,
455 1411 480 1471 si
501 1411 559 1472 fata
581 1412 689 1485 sinant,
712 1413 737 1473 si
759 1430 902 1492 prospera
924 1413 1015 1488 luno,

186 1495 402 1575 prostravitque
423 1496 518 1557 virum
541 1496 629 1556 celeri
652 1516 707 1577 per
727 1505 847 1576 pectora
868 1499 937 1559 telo.
983 1509 993 1526 ·

230 1581 388 1642 Accessere
410 1582 515 1657 (nefas)
536 1581 668 1643 tenebris
688 1582 841 1644 fallacibus
862 1585 919 1644 acti

186 1665 369 1744 Tyndaridae
391 1667 422 1727 in
444 1685 525 1727 sese:
550 1666 653 1727 Castor
674 1668 759 1747 prius
781 1667 840 1729 ibat
862 1669 893 1729 in
916 1669 993 1729 ictus

185 1750 321 1824 nescius3
344 1759 389 1812 ast
410 1751 476 1812 illos
499 1769 573 1812 nova
595 1751 645 1812 lux
667 1751 843 1830 subitusque
865 1752 982 1814 diremit

185 1835 292 1896 frontis
314 1853 398 1915 apex.
442 1843 504 1897 tum
529 1835 632 1900 Castor
653 1836 728 1914 hyn,
751 1854 809 1914 qua
831 1837 968 1898 caerulus
989 1838 1079 1899 ambit

185 1919 298 1982 balteus
320 1927 349 1981 et
370 1921 480 2000 gemini
502 1921 691 1981 committunt
712 1938 762 1981 ora
785 1921 938 1997 dracones,

184 2006 276 2066 frater
296 2005 398 2084 Hagen
421 2005 632 2085 Thapsumque
653 2005 916 2085 securigerumque
937 2006 1064 2068 Nealcen

184 2090 321 2170 transigit
342 2099 372 2152 et
394 2090 497 2152 Canthi
519 2090 678 2170 pallentem
700 2090 822 2152 vulnere
846 2091 982 2170 Cydrum.

185 2183 312 2237 torserat
333 2176 381 2236 hic
402 2175 472 2236 totis
495 2176 616 2236 conisus
637 2175 749 2236 viribus
770 2177 883 2237 hastam

185 2261 316 2322 venatori
338 2262 456 2340 Erymo,
479 2259 576 2322 brevis
598 2261 675 2320 hane
696 2260 748 2322 sed
769 2262 826 2321 fata
847 2261 991 2322 ferentem

186 2345 315 2425 prodidit
336 2354 366 2407 et
386 2345 471 2426 piceo
494 2345 630 2407 comitem
653 2345 790 2406 miserata
811 2345 927 2406 refulsit

185 2430 269 2492 Luna
291 2430 376 2510 polo;
399 2448 516 2492 cessere
538 2430 623 2492 iubae
646 2438 898 2510 raptumque'per
919 2447 1005 2490 auras

184 2516 292 2577 minus
313 2524 342 2577 et
364 2524 493 2577 extrema
514 2515 616 2576 sonuit
637 2514 693 2575 cita
715 2514 838 2595 cuspide
860 2515 960 2576 cassis,

184 2599 323 2661 Nisaeum
345 2601 486 2662 Telamon
510 2609 539 2662 et
562 2599 708 2680 Ophelten
731 2617 803 2660 vana
827 2607 993 2660 sonantem·

187 2704 242 2764 per
264 2685 352 2765 clipei
375 2686 506 2747 cedentis
530 2703 606 2764 opus
629 2693 798 2763 cratemque
821 2684 956 2758 trilicem,

187 2788 245 2848 qua
266 2771 409 2832 stomachi
431 2777 554 2844 secreta,
576 2770 645 2830 ferit
659 2769 812 2847 laetusque
827 2769 976 2848 profatur:

184 2847 236 2930 ‘di,
258 2873 374 2934 precor,
397 2856 478 2917 huno
500 2873 601 2933 regem
623 2861 789 2931 aulaeque
811 2852 953 2932 delegerit
974 2852 1031 2912 alta

185 2940 247 3000 fors
268 2940 340 3000 mihi
364 2948 450 3020 gente
473 2947 578 3013 satum,
600 2955 786 3017 magnusque
808 2945 838 2998 et
858 2936 963 2998 flehihs
986 2935 1052 2996 urbi

186 3020 366 3085 conciderit.³
412 3043 504 3104 snper
525 3024 604 3086 addit
625 3025 703 3085 hren
726 3023 907 3100 fratremque
928 3021 1110 3082 Melanthum

185 3109 362 3189 Phoceaque
384 3109 540 3185 Oleniden,
562 3108 704 3188 Lelegum
727 3107 779 3186 qui
800 3106 905 3188 pulsus
927 3107 964 3167 ah
986 3106 1046 3167 oris

185 3194 265 3274 regis
286 3195 443 3256 amicitiam
465 3204 494 3256 et
513 3193 615 3256 famuli
638 3193 787 3274 propioris
809 3193 940 3254 honores

185 3281 255 3358 (qua
277 3280 392 3357 patiens
413 3299 474 3340 non
498 3277 592 3354 arte‘f)
616 3279 691 3339 tulit.
737 3297 796 3338 nox
818 3277 874 3338 alta
896 3276 1053 3338 cadentum

184 3364 321 3443 ingentes
343 3365 473 3444 duplicat
495 3365 610 3425 sonitus
632 3371 778 3442 augetque
801 3361 912 3422 ruinas.

185 3458 218 3509 ut
240 3449 334 3528 magis
356 3450 492 3525 inarime,
514 3449 608 3528 magis
630 3456 664 3508 ut
684 3447 815 3526 mugitor
837 3447 954 3507 anhelat

184 3532 317 3610 Vesvius,
340 3536 478 3596 attonitas
500 3552 568 3596 acer
589 3552 656 3594 cum
679 3532 801 3593 suscitat
822 3530 921 3605 urbes,

168 3685 225 3736 182.
244 3683 359 3738 diversas
376 3687 452 3753 agent
469 3699 498 3748 n,
516 3683 615 3735 diversa
634 3683 717 3749 Sagen
738 3681 764 3733 C.
852 3683 908 3734 197.
927 3679 1026 3732 casside
1044 3679 1130 3746 cuspis
1149 3677 1176 3730 0.

171 3753 226 3806 tuo.
243 3758 375 3820 artemque
385 3753 537 3820 (arcemque)
546 3767 574 3816 π,
591 3756 737 3816 etatemque
756 3750 801 3800 lta.
853 3751 911 3803 206.
923 3763 987 3814 quae
1004 3763 1029 3814 p.
1049 3762 1100 3799 non
1118 3751 1177 3798 ante

100 3819 146 3870 Pe.
164 3819 193 3884 (l,
211 3823 245 3885 5).
315 3823 372 3874 207.
391 3821 472 3873 donec
489 3837 518 3884 n,
535 3819 648 3886 duplicat
666 3819 704 3869 Pi.
774 3819 832 3871 209.
850 3815 977 3868 Vesubius
997 3815 1029 3880 V,
1047 3815 1176 3868 Vesuvius

99 3887 129 3952 P,
146 3887 257 3939 Vesvius
274 3887 310 3938 M.
764 3911 766 3916 ·
975 3947 976 3950 Ἴ
1120 3955 1126 3962 ἱ

151 3972 198 4014 Vel.
211 3971 308 4015 Flaccus.
1007 3970 1024 4020 4
