2792 4340
436 223 693 278 Antontvrtcbn
711 225 806 278 hlBER
817 225 857 278 lll.

160 399 207 460 sie
229 399 273 465 ait,
290 406 320 459 et
342 396 469 458 celerem
489 397 630 458 frondosa
652 416 708 476 per
728 397 789 458 avia
811 415 929 460 cervum

159 483 284 545 suscitat
306 501 340 543 ac
362 481 461 542 inveni
482 481 637 544 sublimem
660 481 801 544 cornibus
823 484 918 546 ollcrt.

159 569 212 629 ille
234 568 349 629 animos
370 567 530 646 tardusque
551 567 639 646 fugae
660 567 843 647 longumque
867 569 1010 632 resistens

160 653 299 714 sollicitat
321 652 483 730 suadetque
505 652 569 732 pari
591 653 771 714 contendere
793 671 893 715 cursu.

160 737 256 800 credit
276 737 366 816 Hylas
387 737 572 815 praedaeque
593 737 676 798 leros
697 738 802 800 ardore
824 738 1010 819 propinquae

160 822 346 901 insequitur;
368 821 456 882 simul
479 821 595 884 Alcides
616 822 783 884 hortatibus
804 831 913 902 urguet

160 907 364 988 prospiciens:
388 907 506 985 iamque
527 925 562 967 ex
585 907 680 968 oeulis
702 909 836 970 aufertur
857 916 993 988 uterque,

159 1011 231 1054 cum
252 1009 379 1072 puerum
401 992 560 1052 instantem
583 994 752 1071 quadrupes
773 992 908 1072 lassaque
930 995 1091 1056 minantem

160 1077 219 1138 tela
240 1095 330 1138 mann
353 1076 458 1156 procul
480 1077 516 1138 ad
538 1076 623 1138 nitidi
645 1077 791 1156 spiracula
812 1078 903 1139 sontis

160 1162 244 1223 ducit
266 1169 295 1222 ct
316 1162 439 1222 intactas
461 1161 532 1224 levis
555 1162 620 1241 ipse
641 1163 808 1242 superfugit
830 1163 934 1224 undas.

158 1247 217 1308 hoe
239 1246 325 1327 pueri
347 1264 416 1326 spes
437 1246 502 1308 lusa
523 1247 611 1308 modo
633 1255 678 1308 est
700 1265 754 1308 nee
776 1248 897 1308 tendere
920 1256 1012 1310 certat

156 1331 303 1411 amplius;
326 1339 419 1410 utque
441 1339 523 1394 artus
545 1339 574 1392 et
596 1331 711 1392 concita
732 1321 857 1412 pectora
874 1333 965 1394 sudor

159 1416 302 1491 diluerat,
325 1424 424 1495 gratos
446 1417 547 1477 andus
568 1417 738 1495 procumbit
759 1417 794 1478 ad
816 1436 928 1480 amnes.

157 1509 262 1581 stagna
282 1519 353 1580 vaga
374 1521 430 1564 eeu
451 1502 519 1564 luce
540 1503 666 1577 micant,
689 1502 741 1562 ubi
764 1502 988 1581 Cynthia‘caolo

157 1587 304 1666 prospicit
324 1595 374 1648 aut
395 1586 484 1648 medii
506 1587 611 1648 transit
632 1596 695 1648 rota
718 1588 840 1648 candida
861 1587 990 1649 Phoebi:

156 1672 216 1733 tale
238 1671 323 1732 iubar
343 1670 481 1732 dillundit
501 1671 601 1750 aquis3
625 1671 668 1733 nil
690 1672 794 1734 umbra
809 1691 969 1751 comaeque

157 1756 343 1834 turbavitque
365 1774 458 1816 sonus
479 1756 630 1834 surgentis
650 1757 686 1817 ad
708 1755 809 1817 oscula
827 1757 991 1835 Nymphae.

157 1840 207 1902 illa
229 1841 325 1902 avidas
347 1841 455 1903 iniecta
472 1859 582 1902 manus
603 1841 661 1902 heu
684 1859 749 1902 aera
770 1841 896 1902 cientem

156 1925 265 1986 auxilia
287 1934 316 1986 et
336 1925 436 2004 magni
459 1926 637 1986 referentem
658 1942 767 1986 nomen
790 1925 875 1986 ararici

157 2011 298 2090 detrabit3
320 2010 435 2072 adiutae
457 2029 554 2089 prono
577 2029 645 2072 nam
666 2010 798 2089 pondere
819 2010 905 2072 vires.

201 2095 260 2156 lam
283 2103 367 2175 pater
388 2094 536 2156 nnrbrosis
558 2095 731 2174 Tirynthius
752 2095 870 2158 arcibus
891 2112 983 2156 ornos

157 2179 312 2258 depulerat
332 2198 501 2259 magnoque
523 2179 584 2258 iugi
605 2181 731 2242 stridore
752 2180 882 2242 remlsas

156 2272 239 2344 terga
261 2283 353 2344 snper
374 2265 446 2326 lulvi
468 2273 640 2343 porrexerat
660 2265 779 2326 horrida
800 2264 926 2326 monstri

157 2349 244 2410 litora
266 2369 354 2410 curva
376 2357 495 2430 petens;
519 2350 575 2410 alia
597 2367 665 2410 nam
687 2348 760 2410 calle
781 2367 931 2410 reversum

158 2433 252 2495 credit
273 2434 368 2514 Hylan
391 2443 535 2514 captaque
557 2430 646 2514 dapes
664 2433 781 2494 auumse
801 2433 905 2494 lerina.

156 2519 209 2580 sed
231 2538 329 2598 neque
351 2528 422 2598 aput
443 2519 541 2580 socios
562 2527 749 2598 stmctasque
771 2518 802 2579 in
824 2518 910 2580 litore
931 2535 1050 2580 mensas

157 2604 332 2666 unanimum
352 2604 430 2666 videt
450 2622 539 2682 aeger
558 2603 653 2684 llylan
676 2623 732 2666 nec
753 2603 872 2683 lougius
893 2620 991 2666 aerem

156 2688 316 2750 intendens
338 2689 439 2751 aciem.
484 2689 579 2750 varios
601 2690 672 2751 binc
694 2689 800 2750 excitat
821 2697 920 2750 aestus

157 2772 237 2834 nube
259 2772 327 2834 mali
350 2791 510 2853 percussus
531 2793 623 2848 amor,
646 2774 755 2853 quibus
777 2773 904 2834 haeserit
925 2773 995 2846 oris,

156 2857 225 2936 quis
248 2858 320 2920 tales
341 2859 455 2938 inpune
475 2877 574 2920 moras
596 2877 717 2920 casusve
740 2857 857 2918 laborve

155 2943 302 3017 attulerit3
325 2944 445 3006 densant
468 2943 580 3004 interea
602 2943 782 3006 descendere
806 2951 923 3004 noctem

156 3027 213 3088 iam
235 3029 345 3088 maiore
367 3037 463 3102 metn;
486 3037 550 3090 turn
572 3046 641 3088 vero
664 3037 693 3090 et
713 3028 809 3108 pallor
831 3035 860 3088 et
881 3045 982 3088 arcem

157 3130 226 3172 cum
248 3113 333 3193 picco
356 3114 464 3174 sudore
485 3113 577 3193 rigor.
622 3132 676 3174 ceu
698 3121 819 3192 pectora
841 3112 939 3174 nautis

154 3198 290 3276 congelat
315 3195 432 3259 hiberni
452 3199 551 3260 vultus
573 3198 649 3259 lovis
670 3198 851 3277 agricolisve‚

155 3299 224 3342 cum
247 3283 307 3342 coit
328 3283 433 3343 umbra
453 3283 568 3356 minax,
591 3283 707 3344 comitis
729 3283 771 3344 sic
793 3281 891 3344 adlicit
913 3299 996 3342 error

156 3365 278 3428 Alciden
300 3385 461 3446 saevaeque
482 3375 583 3430 monet
604 3368 775 3430 meminisse
797 3383 949 3427 novercae.

156 3450 316 3525 continuo,
339 3452 451 3513 volucri
474 3471 528 3514 cen
550 3461 670 3533 pectora
691 3460 786 3514 tactus
808 3451 886 3512 asilo-

155 3535 277 3596 emicuit
299 3535 427 3598 Calabris
449 3545 550 3598 murus
573 3557 627 3616 per
648 3538 787 3614 confraga
808 3537 918 3616 saeptis

155 3620 238 3681 obvia
260 3639 396 3700 quaeque
418 3641 518 3698 ruens,
542 3623 592 3684 tali
614 3642 646 3685 se
669 3622 796 3684 concitat
818 3623 925 3684 ardens

136 3823 187 3874 552
206 3820 343 3888 quadripes
363 3822 422 3874 VM.
509 3823 566 3874 555.
586 3823 671 3887 pneris
688 3822 790 3889 pertusa
808 3839 842 3888 n,
867 3822 938 3888 pueri
957 3835 1017 3886 spes
1034 3820 1088 3872 lusa
1103 3819 1147 3872 rt.

138 3891 196 3940 558.
214 3890 252 3950 sic
269 3907 299 3952 π,
318 3905 364 3942 ceu
383 3892 428 3942 Ha.
