2764 4340
429 177 683 232 Auuuutvrtnult
701 177 794 232 uultu
810 179 836 230 ll.

160 353 220 414 iam
242 351 327 427 eadit,
349 351 423 412 irato
444 351 503 412 iam
523 351 627 414 stridet
647 350 678 412 in
700 367 830 429 aequore
849 351 992 414 Pmours:

161 438 213 500 sed
234 437 308 498 milri
330 436 405 512 dux,
426 435 522 497 vetitis
543 436 595 515 qui
616 453 778 516 numquam
799 436 937 499 eonditns
957 442 1046 502 undis

162 543 215 586 axe
236 523 312 584 nitet
332 537 458 601 serpens
479 529 678 601 septenosque
699 521 830 602 implicat
851 518 954 601 ignes?

161 609 206 670 sie
227 607 269 668 ait
289 615 318 668 et
339 607 413 668 uerti
433 612 577 668 memorat
598 607 649 686 qui
670 607 769 668 nultus
792 605 918 687 Olympi,

162 692 300 755 Pleiones
322 691 515 771 Hyadumque
534 692 633 768 looos,
656 709 716 770 quo
738 692 834 754 sidere
856 693 950 755 vibret

161 777 251 840 Ensis
273 785 302 838 et
325 779 449 838 Antaeus
470 777 563 838 niteat
583 795 642 856 qna
663 778 729 839 tuoe
750 777 867 840 Bootes.
1000 775 1003 782 ’

160 864 233 925 haee
255 862 307 924 ubi
330 861 405 924 diota
427 861 522 938 dedit,
546 862 660 924 Cererm
681 870 745 924 tum
766 879 890 924 munere
911 864 1003 926 fessas

161 947 323 1010 restituunt
343 947 419 1008 vires
442 954 471 1008 et
491 965 581 1027 paruo
603 963 729 1030 corpora
748 947 881 1024 Bamh03

160 1053 230 1095 mox
251 1050 356 1093 somno
379 1038 494 1094 cessere
501 1051 509 1108 ;
532 1040 641 1112 regunt
661 1051 714 1093 sua
736 1032 831 1095 sidera
852 1049 993 1113 puppem.

201 1118 324 1196 lamque
345 1118 401 1178 sul)
423 1119 501 1178 Eone
523 1117 628 1179 dubios
650 1117 804 1180 Atlantide
826 1118 911 1196 ignes

161 1203 239 1264 albet
260 1222 346 1281 ager,
369 1203 517 1281 motisque
537 1211 637 1264 tmees
658 1203 693 1264 ab
715 1202 841 1263 ovilibus
863 1203 926 1263 ursi
1016 1235 1019 1244 Α

160 1296 223 1348 tuta
245 1289 407 1366 domosque
429 1283 546 1367 potunt‚'
566 1305 646 1348 raras
668 1295 697 1350 et
718 1287 788 1348 litus
809 1288 841 1349 in
862 1289 953 1350 altum

160 1373 250 1434 mittit
270 1389 355 1447 avee;
379 1391 447 1434 oum
469 1373 584 1452 primus
605 1373 690 1452 equis
712 1373 808 1452 exegit
832 1373 945 1434 anhelis

160 1457 298 1518 Phoebus
321 1458 419 1518 Athen
440 1458 610 1536 mediasque
630 1458 709 1520 diem
730 1458 869 1538 dispersit
889 1457 920 1519 in
944 1461 1046 1522 undas.

159 1542 293 1604 certatim
314 1543 403 1604 remis
425 1543 522 1622 agitur
542 1558 623 1604 mare
644 1549 798 1622 rostraque
820 1559 911 1604 eursu

160 1628 255 1707 prima
276 1634 423 1702 tremunt;
446 1635 476 1688 et
494 1629 553 1690 ‘iun
575 1629 697 1692 summis
719 1627 860 1689 Vulcania
881 1630 976 1707 surgit.

158 1713 289 1774 Lemnos
310 1713 397 1790 aquis
416 1712 470 1772 titi
492 1731 547 1792 per
567 1713 663 1772 varios
685 1713 788 1773 delleta
809 1712 934 1789 labores,

159 1798 348 1877 ignipotens3
371 1815 427 1858 neo
448 1804 478 1858 te
499 1797 585 1860 iuriis
605 1804 635 1858 et
656 1795 779 1858 sumine
799 1803 926 1858 matrum

159 1891 239 1944 terra
258 1883 341 1960 lugat
361 1880 517 1966 meritique
540 1882 621 1962 piget
644 1881 813 1942 meminisse
834 1879 952 1960 prioris.

203 1968 349 2046 Tempore
372 1983 431 2046 quo
454 1967 584 2047 primum
604 1967 739 2028 fremitus
761 1967 916 2046 insurgere
938 1977 1059 2047 opertos

159 2051 332 2116 oaelioolnm
355 2060 383 2113 et
404 2053 489 2132 regni
511 2053 604 2114 sensit
625 2052 752 2114 noviute
772 2059 920 2114 tumentes
988 2087 990 2092 .

159 2138 294 2217 luppiter
315 2137 460 2199 aetheriae
482 2157 538 2200 nee
559 2145 636 2198 stare
658 2137 773 2198 silentia
794 2138 886 2216 panis,

158 2223 306 2283 lunonem
326 2222 439 2282 volueri
460 2223 585 2301 primam
605 2221 760 2301 suspendit
782 2223 907 2301 Olympo

158 2307 342 2368 horrendum
364 2308 453 2367 chaos
475 2307 634 2368 ostendens
656 2323 827 2386 poenasque
848 2306 985 2367 baratlui

159 2411 229 2453 mox
250 2391 337 2452 etiam
358 2391 478 2471 pavidae
499 2398 689 2470 temptantem
710 2391 827 2452 vincula
848 2391 950 2452 matris
1063 2411 1067 2416 ·

159 2477 273 2538 solvere
294 2477 446 2557 praerupti
467 2475 631 2538 Vulcanum
652 2476 759 2538 vertiee
781 2476 853 2538 oaeli

159 2561 298 2637 devolvit3
321 2562 381 2622 ruit
402 2562 452 2622 ille
467 2562 544 2641 'polo
566 2567 742 2640 noctemque
763 2561 900 2640 diemque

158 2645 289 2709 turbinis
309 2647 341 2707 in
363 2665 485 2721 morem,
508 2647 612 2708 Lemni
634 2648 704 2707 dim
725 2646 812 2707 litore
833 2647 950 2708 tandem

159 2732 301 2794 insonuit.
345 2749 401 2792 vox
422 2733 492 2794 inde
513 2749 620 2810 repens
641 2738 675 2791 ut
696 2731 823 2811 peronlit
845 2731 957 2805 urbem,

160 2817 305 2879 adclinem
327 2817 450 2896 scopulo
472 2815 628 2878 inveniunt
648 2815 848 2894 miserentque
868 2817 1027 2893 foventque

159 2903 288 2964 alternos
309 2917 398 2980 aegro
420 2908 607 2962 cunctantem
628 2901 740 2980 poplite
762 2919 890 2979 gressus.

80 2985 82 2990 ’
160 2987 231 3048 hine
252 2987 354 3050 reduci
376 3003 498 3066 superas
519 2993 676 3065 postquam
697 2993 781 3066 pater
802 2984 904 3047 adnuit
926 3003 1016 3062 arses,

159 3072 288 3133 Lemnos
310 3089 376 3134 rara
398 3073 469 3146 deo,
492 3091 547 3132 neo
568 3071 644 3131 lama
665 3071 764 3132 notior
784 3073 877 3133 Aetne

159 3165 210 3218 ant
230 3157 352 3238 Lipares
375 3157 495 3218 &must
518 3157 570 3216 has
592 3157 710 3235 epulas,
732 3158 805 3218 haee
826 3157 935 3236 templa
956 3163 1073 3236 peraeta

159 3243 261 3322 aegide
284 3251 313 3304 et
333 3240 464 3302 horrifici
483 3242 617 3302 formatis
638 3242 772 3304 fulminis
793 3243 846 3303 alis

139 3328 253 3389 'laetus
276 3325 349 3388 adit:
373 3335 475 3388 eontra
496 3327 619 3388 Veneris
641 3335 697 3388 stat
718 3329 823 3407 frigida
845 3343 962 3406 semper

160 3431 209 3474 ara
230 3412 307 3488 loeo,
329 3412 448 3474 meritas
470 3420 626 3492 postquam
648 3413 701 3474 dea
722 3413 858 3492 coniugis
879 3412 937 3472 iras

159 3497 275 3559 horruit
298 3505 326 3559 et
346 3497 449 3558 tacitae
470 3497 592 3559 Martem
613 3505 736 3559 tenuere
759 3505 886 3558 catenae.
1146 3513 1190 3565 100

81 3683 308 3693 ——uus--n-an—
313 3685 384 3694 ...a-

145 3803 185 3854 ut.
203 3801 278 3854 orbes
296 3799 390 3854 Solem·
461 3803 500 3854 79.
519 3799 610 3852 delleta
629 3816 715 3864 eorm,
740 3799 832 3851 dilecta
854 3798 899 3850 ΤΙι.
975 3799 1146 3867 8111011111-

83 3883 129 3934 qne
146 3865 209 3936 VM,
227 3884 343 3937 peneque
361 3870 408 3940 Pp,
426 3883 587 3936 poenamque
603 3885 637 3924 111.
706 3871 747 3921 90.
766 3883 822 3919 cnm
840 3884 868 3930 a,
886 3867 946 3917 dum
965 3866 1025 3920 Sele.
