2764 4340
596 195 622 246 C.
641 193 758 246 VALERI
776 194 888 246 Flacci

274 366 404 446 Cyzicus.
436 385 505 428 ecce
526 383 616 445 super
637 367 751 428 loribus
772 366 894 428 Bellona
915 363 1039 426 reclusis

273 453 351 514 nuda
372 452 449 514 latus
471 452 620 532 pulsuque
641 470 762 513 movens
785 451 930 512 orichalca
952 467 1062 511 sonoro

272 537 382 599 adstitit
404 545 433 599 et
453 537 563 616 triplici
584 537 706 616 pulsans
727 537 842 615 fastigia
863 536 951 596 orista

272 624 340 684 inde
363 623 441 685 ciere
462 624 568 684 virum.
612 623 747 701 sequitur
768 640 822 702 per
842 620 959 683 moenia
981 619 1101 682 demens

272 708 321 768 ille
343 708 427 769 deam
449 716 478 768 et
500 707 566 768 latis
588 715 715 770 extrema
737 708 768 768 in
791 707 903 786 proelia
925 705 1035 780 tendit;

273 792 368 872 qualis
390 794 421 854 in
444 793 566 855 Alciden
589 801 617 854 et
639 793 752 854 Thesea
773 792 906 853 Rhoetus
928 789 1023 869 iniqui
1288 807 1322 858 65

272 877 352 940 nube
372 879 446 940 meri
469 878 615 958 geminam
636 878 768 940 Pholoen
790 878 960 954 maioraque
982 893 1109 936 comeus

271 971 354 1025 antra
376 964 452 1039 ruit,
475 963 605 1044 qualisve
626 964 702 1025 redit
722 962 875 1024 venatibus
898 961 970 1022 actis

270 1049 363 1110 lustra
384 1058 467 1129 pater
489 1049 675 1128 Triviamque
697 1067 807 1110 canens
829 1064 992 1124 umeroque
1013 1045 1177 1110 Learchum

271 1134 394 1210 advebit,
417 1143 446 1196 at
467 1135 591 1197 miserae
613 1135 762 1196 declinant
782 1133 897 1195 lumina
916 1130 1042 1193 Thebae.

271 1219 387 1298 iamque
408 1220 481 1282 adeo
503 1239 558 1282 nee
580 1229 665 1300 porta
687 1221 791 1282 ducem
814 1238 869 1280 nee
890 1236 970 1298 pone
991 1224 1124 1278 moratur
1285 1233 1318 1282 to

271 1305 408 1366 excubias
430 1306 532 1366 sortita
552 1324 674 1379 manue,
698 1323 772 1384 quae
794 1304 888 1384 prima
910 1302 1021 1363 furenti

270 1390 398 1464 advolat;
422 1390 492 1452 hinc
514 1391 562 1451 alii
585 1391 727 1465 subeunt,
751 1397 784 1450 ut
805 1388 937 1469 proxima
959 1405 1093 1466 quaeque

274 1475 426 1536 intremuit
450 1475 554 1536 domus
576 1482 605 1535 et
625 1482 724 1535 motus
746 1474 859 1554 aceepit
879 1474 992 1534 inanes.

315 1561 352 1620 ht
373 1559 486 1639 Minyas
507 1577 616 1639 anceps
637 1559 699 1620 fixit
720 1577 825 1638 pavor3
848 1577 934 1638 aegra
955 1558 1086 1619 virorum

273 1646 360 1705 eorda
382 1644 490 1719 labant,
513 1663 568 1706 neo
590 1645 767 1724 quaeregio
791 1652 841 1706 aut
862 1643 1030 1704 discrimina
1052 1651 1188 1719 cernunt

271 1749 326 1791 our
348 1729 445 1810 galeae
468 1730 613 1810 clipeique
634 1730 754 1804 micent,
777 1749 849 1791 num
871 1728 994 1810 pervigil
1019 1728 1107 1788 annis

270 1901 365 1962 donec
388 1909 416 1962 et
438 1901 519 1962 hasta
540 1901 642 1963 volans
663 1901 775 1962 inmani
797 1901 916 1962 turbine
937 1898 1073 1959 transtris

200 2057 202 2064 y
270 1986 403 2046 insonuit
424 1986 599 2064 monuitque
621 1993 713 2046 ratem
734 2003 838 2064 rapere
860 1984 943 2045 obvia
965 2003 1049 2044 caeca

270 2088 348 2130 arma
370 2089 470 2130 manu.
514 2070 654 2149 princeps
677 2068 787 2148 galeam
810 2065 987 2148 constringit
1008 2069 1094 2129 lason

269 2155 431 2236 vociferahs
450 2148 589 2235 ‘primam
611 2154 686 2216 hano
708 2155 778 2228 nati,
801 2162 893 2233 pater,
915 2154 1016 2234 accipe
1038 2171 1168 2232 pugnam

269 2259 396 2319 vosque,
419 2240 491 2316 viri,
514 2248 629 2320 optatos
651 2240 709 2301 huo
732 2240 832 2300 adfore
854 2239 963 2300 credite
986 2234 1129 2301 Colchos?

268 2325 404 2388 Bistonas
425 2326 456 2386 in
477 2325 590 2386 medios
613 2344 667 2387 ceu
688 2326 810 2387 Martius
833 2324 913 2386 exilit
934 2324 1020 2386 astris

268 2430 390 2486 currus,
413 2411 463 2472 ubi
485 2412 621 2490 ingentes
642 2411 756 2472 animae
778 2412 947 2490 clamorque
967 2410 1114 2488 tubaeque

268 2496 447 2574 sanguineae
468 2497 567 2556 iuvere
589 2497 777 2569 deum‚·non
799 2496 921 2574 segnius
942 2494 992 2556 ille

269 2587 393 2659 occupat
415 2597 481 2640 arva
502 2579 622 2654 lurens;
645 2579 781 2657 sequitur
801 2579 845 2640 vis
867 2579 963 2640 omnis
986 2579 1137 2640 Achivum.

268 2665 468 2743 adglomerant
489 2664 594 2739 latera,
618 2672 647 2726 et
666 2664 767 2725 densis
788 2663 957 2726 thoracibus
979 2664 1104 2726 horrens

267 2757 324 2811 stat
344 2769 468 2826 manus,
492 2745 631 2829 aegis'ono
654 2767 742 2829 quam
764 2769 820 2812 nec
841 2750 903 2810 lera
924 2757 1044 2830 pectore
1065 2749 1146 2826 virgo

268 2836 422 2916 dispulerit
443 2855 499 2898 nec
522 2837 620 2898 dextra
642 2835 718 2896 lovis
741 2835 909 2915 Terrorque
931 2835 1092 2915 Pavorque,

266 2921 366 2982 Martis
388 2923 466 3000 equi.
511 2921 554 2982 sic
576 2921 720 2982 contextis
741 2920 919 2983 umbonibus
941 2930 1079 3000 urguent,

267 3007 401 3068 caeruleo
424 3006 513 3067 veluti
536 3025 603 3067 oum
625 3006 758 3085 luppiter
779 3007 895 3085 agmine
917 3006 1025 3067 nubem

267 3092 434 3166 coustituit;
458 3098 571 3151 certant
592 3091 711 3170 zephyri
732 3091 900 3170 frustraque
921 3091 1066 3169 rigentem

266 3176 363 3255 pulsat
385 3176 535 3255 utrimque
556 3184 661 3250 notus;
685 3177 816 3255 pendent
836 3175 969 3237 mortalia
991 3177 1081 3255 longo

268 3261 355 3322 corda
376 3269 466 3336 metu,
490 3261 598 3340 quibus
619 3261 668 3322 illa
689 3261 781 3335 iretis,
804 3260 913 3340 quibus
935 3261 1045 3323 incidat
1065 3259 1149 3321 arvis.

309 3345 386 3405 Hinc
408 3363 513 3408 manus
535 3347 636 3408 inlelix
658 3347 786 3408 clamore
808 3346 950 3426 inpellere
971 3365 1079 3426 magno
1277 3358 1312 3409 95

267 3449 334 3492 saxa
355 3430 493 3511 facesque
515 3439 590 3493 atras
613 3441 642 3493 et
663 3439 756 3492 tortae
777 3432 908 3510 pondera
929 3432 1056 3505 lundae3

250 3618 291 3668 61.
327 3629 437 3683 assuque
454 3632 482 3680 n,
500 3615 626 3684 pulsuque
645 3615 703 3682 Va,
721 3615 833 3683 llatuque
851 3618 882 3668 A.
964 3618 1003 3669 63.
1023 3616 1076 3668 indi
1093 3633 1121 3680 π,
1139 3614 1197 3666 inde
1215 3612 1252 3668 B.

250 3687 291 3737 65.
309 3631 427 3736 ilhoeous
446 3682 494 3735 Vo.
515 3683 574 3746 (cfr.
592 3684 609 3750 l,
629 3686 694 3748 tlt).
766 3688 806 3738 ot.
825 3689 891 3736 astra
909 3701 938 3750 π,
956 3691 1025 3736 antra
1041 3685 1131 3750 Pomp.
1151 3681 1251 3733 Laetam

176 3769 204 3820 χ.
224 3780 257 3790 -
281 3757 345 3819 poet
361 3755 394 3805 76
418 3767 522 3803 cerrum
546 3753 712 3804 intercidisse
736 3753 871 3804 intellemit
889 3753 931 3805 Ca.
942 3792 949 3818 ‚
968 3756 1015 3818 qui
1032 3758 1061 3803 in
1079 3768 1132 3818 mg.
1151 3751 1252 3802 codicis

180 3823 224 3870 arti
251 3835 268 3870 a
292 3834 375 3870 manu
397 3823 503 3886 prdmae
527 3821 635 3886 aequali
657 3823 728 3871 betae
752 3825 881 3887 scriptum
905 3825 1006 3873 invenit
1029 3821 1110 3872 hostis
1129 3824 1155 3871 et
1173 3818 1250 3872 exciti

181 3887 242 3940 dent
259 3887 334 3938 obvia
352 3889 446 3953 praelia
465 3887 560 3940 Colchi.
