2764 4340
421 176 676 240 Ancortdvrtcdtt
694 182 787 236 unua
804 183 842 236 lll.

148 351 281 432 Cyzicus,
304 351 417 431 ingenti
439 353 564 432 praedae
586 354 726 434 deceptus
748 373 847 419 amore

146 437 303 498 adsuetum
325 435 467 516 Phrygias
490 438 637 500 dominam
659 448 772 502 vectare
794 460 848 520 per
868 440 959 504 urbes

147 522 298 603 oppressit
320 523 415 584 iaculo
438 524 612 586 redeuntem
634 525 670 586 ad
690 526 775 588 irena
796 527 922 606 leonem.

147 616 176 668 et
197 627 284 668 nunc
303 607 352 670 ille
374 608 457 670 iubas
478 609 650 688 captivaque
672 611 806 689 postibus
828 631 880 674 ora

148 692 292 772 inposuit,
315 693 444 772 spolium
466 694 568 756 infelix
590 695 730 774 divaeque
752 696 933 776 pudendum.

148 797 224 857 quae
246 787 404 858 postquam
426 777 617 843 Haemoniam
638 789 735 842 mutae
757 801 818 844 non
841 782 987 846 inuaemor
1008 785 1069 848 irae

147 863 286 924 aerisono
308 864 344 926 de
365 872 466 926 monte
487 873 581 928 ratem
602 867 789 945 praefixaque
810 886 914 946 regum

148 956 231 1008 scuta
252 948 338 1022 videt,
362 968 437 1010 nova
458 958 591 1012 monstra
613 951 685 1026 viro,
708 971 783 1012 nova
804 953 909 1014 lunera
931 953 1028 1030 volvit,

146 1039 181 1093 at
202 1033 298 1096 socias
319 1034 352 1095 in
373 1043 460 1096 nocte
481 1054 586 1098 manus
608 1044 700 1114 utque
722 1037 813 1116 impia
837 1037 914 1100 bella

146 1126 285 1179 conserat
307 1126 336 1182 et
357 1120 449 1182 saevis
471 1121 621 1183 erroribus
643 1122 766 1200 inplicet
786 1121 900 1184 urbem.

147 1222 207 1264 nox
230 1211 293 1264 erat
315 1213 343 1266 et
364 1205 425 1266 leni
447 1205 590 1268 canebant
612 1224 740 1285 aequora
762 1207 855 1282 sulco,

147 1296 177 1348 et
198 1288 256 1349 iarn
278 1308 373 1368 prona
395 1289 472 1351 leves
494 1291 673 1370 spargebant
693 1292 789 1354 sidera
810 1311 940 1355 somnos.

145 1391 218 1434 aura
239 1374 333 1450 vehit;
355 1374 481 1454 religant
502 1385 602 1440 tonsas
624 1377 749 1456 veloque
769 1377 941 1440 Procneson

146 1466 176 1518 et
197 1466 226 1518 te
249 1459 306 1520 iam
327 1460 424 1522 medio
445 1461 615 1536 flaventem,
639 1462 810 1538 llhundace,
834 1472 926 1542 ponto

145 1562 381 1623 spumosumque
402 1545 506 1624 legunt
525 1548 617 1608 tracta
638 1548 809 1627 Scylaceion
825 1549 920 1610 ,unda

146 1629 211 1708 ipse
233 1629 311 1691 diem
333 1631 421 1709 longe
443 1631 574 1710 solisque
597 1633 705 1694 cubilia
720 1633 831 1713 Tiphys

145 1715 285 1789 consulit,
307 1715 371 1795 ipse
393 1724 487 1778 ratem
508 1725 594 1778 vento
617 1718 769 1796 stellisque
791 1718 947 1780 ministrat.

145 1807 175 1859 at
197 1800 250 1879 qai
272 1800 356 1862 illum
378 1819 440 1862 non
462 1809 530 1862 ante
552 1821 643 1880 sopor
664 1802 823 1866 luctamine
845 1810 926 1863 tanto

145 1884 220 1945 lenit
241 1904 331 1964 agens
354 1885 451 1947 divum
473 1885 621 1966 imperiis3
645 1886 722 1949 cadit
743 1886 835 1968 ipseia
857 1887 937 1950 clavo

145 1971 264 2031 dextera
287 1971 471 2051 demittitque
492 1972 612 2048 oculos,
634 1971 785 2050 solataque
807 1972 917 2052 puppis

145 2055 265 2116 turbine
287 2057 378 2119 llectit
398 2056 454 2118 iter
475 2066 624 2137 portuque
645 2058 772 2120 refertur
794 2057 897 2120 amico.

188 2140 228 2201 Ut
247 2141 327 2202 notis
350 2142 467 2220 adlapsa
489 2144 578 2216 vadis,
602 2144 672 2206 dant
693 2145 810 2206 aethere
831 2143 921 2222 longo
974 2152 981 2172 ·

145 2224 231 2304 signa
252 2226 340 2288 tubae
362 2245 417 2286 roa
439 2236 468 2288 et
488 2227 593 2290 mediis
617 2228 722 2290 emissa
743 2227 873 2291 tenebris

142 2303 249 2371 ‘hostis
271 2311 359 2371 hahet
379 2320 492 2391 portus,
516 2313 595 2374 soliti
616 2313 730 2374 rediere
750 2303 884 2390 Pelasgi?

145 2403 233 2474 rupta
255 2396 355 2475 quies;
378 2397 451 2458 deus
473 2397 631 2476 ancipitem
653 2397 850 2476 lymphaverat
871 2396 985 2471 urbem,

145 2480 319 2559 Mygdoniae
342 2481 403 2544 Pan
425 2482 506 2544 iussa
526 2483 625 2544 terens
648 2481 814 2544 saevissima
835 2481 946 2556 matris,

144 2565 207 2626 Pan
230 2585 386 2628 nemorum
407 2567 536 2646 bellique
558 2576 674 2646 polana,
698 2587 787 2648 quem
808 2567 883 2630 lucis
905 2567 942 2628 ad
962 2567 1050 2630 horas

144 2657 229 2728 antra
251 2659 368 2725 tenent;
391 2661 470 2731 patet
491 2654 527 2714 ad
547 2653 658 2715 medias
680 2671 734 2732 per
755 2653 837 2716 devia
858 2660 970 2714 noctes

144 2735 322 2815 saetigerum
344 2737 421 2798 latus
443 2746 472 2798 et
493 2746 592 2799 torvae
614 2757 697 2800 coma
718 2738 802 2800 sibila
823 2739 940 2800 icontie.

144 2839 201 2881 vox
224 2840 327 2884 omncs
349 2841 440 2901 super
461 2842 522 2883 una
543 2823 638 2898 tubae,
660 2841 719 2901 qua
741 2841 836 2884 conus
859 2830 888 2882 et
910 2839 1005 2896 enses,

144 2925 205 2984 qna
225 2907 349 2986 trepidis
371 2908 473 2986 auriga
493 2908 566 2968 rotis
589 2915 795 2986 nocturnaque
816 2907 909 2968 muris

145 2990 273 3053 claustra
296 2993 418 3067 cadunt;
442 2992 574 3072 talesque
594 3000 691 3054 metus
714 3011 776 3054 non
797 2993 900 3056 Martia
922 2990 1012 3053 cassis

144 3076 403 3158 Eumenidumque
426 3097 535 3153 comae,
558 3098 620 3140 non
642 3078 733 3140 tristis
755 3078 791 3140 ab
813 3078 914 3156 aegide
936 3077 1034 3156 Gorgo

145 3162 287 3240 sparserit
308 3172 358 3224 aut
379 3165 468 3226 tantis
490 3164 583 3226 aciem
604 3163 760 3244 raptaverit
781 3164 904 3226 umbris.

144 3247 234 3308 ludus
257 3256 285 3308 et
306 3248 355 3311 ille
377 3249 431 3310 deo
454 3249 590 3330 pavidum
612 3249 803 3329 praesepibus
824 3249 920 3310 ausert

145 3350 214 3393 cum
236 3351 328 3411 pecus
351 3343 380 3394 et
401 3335 520 3414 profugi
541 3342 680 3396 sternunt
702 3336 819 3396 dumeta
840 3334 965 3398 iuvenci.

188 3417 271 3478 Ilicet
292 3419 328 3480 ad
349 3438 448 3498 regem
470 3420 580 3482 elamor
602 3420 670 3480 ruit.
716 3419 796 3480 exilit
816 3419 882 3480 altis

145 3502 260 3563 somnia
282 3504 344 3564 dira
366 3505 439 3565 toris
461 3505 676 3583 simulacraque
697 3504 805 3585 pallida
826 3504 967 3584 linquens

130 3740 171 3790 35.
192 3753 253 3790 ecce
270 3739 321 3790 iam
337 3756 370 3804 u,
389 3743 415 3791 et
432 3743 458 3790 te
475 3737 526 3790 iarn
543 3755 578 3802 m,
597 3747 622 3790 ct
639 3740 690 3791 iam
708 3743 734 3792 te
755 3738 810 3802 Th,
829 3744 906 3806 teque
923 3739 999 3791 etiam
1017 3739 1062 3789 Hc.

61 3810 101 3860 36.
120 3806 258 3874 Scylaceon
274 3807 306 3858 ab
324 3823 352 3870 n,
370 3807 521 3876 Scyllaceon
538 3807 643 3871 (embra
660 3808 702 3868 ab)
719 3807 745 3869 0,
764 3808 916 3876 Scylaceicn
934 3808 979 3858 Hc.
1031 3809 1072 3862 39.
1091 3806 1134 3858 ad-

64 3890 114 3944 que
131 3891 160 3939 n,
177 3878 204 3925 at
221 3875 265 3942 qui
283 3876 329 3926 Ph.
355 3869 397 3929 W.
417 3877 496 3942 (635).
567 3879 608 3929 54.
627 3875 729 3928 aethere
746 3893 774 3941 n,
792 3876 883 3943 aegide
901 3876 946 3927 He.
