2792 4340
450 244 708 298 ARGONAVTlGON
727 245 822 300 LIBER
839 245 880 299 Vl.
1163 245 1223 305 107

180 400 301 465 oderis?
323 403 395 463 haec
416 401 513 462 medio
536 402 641 464 Perses
663 401 734 464 dum
755 411 890 482 tempore
912 403 1039 477 mandat,

181 507 289 551 aureus
311 486 420 548 effulsit
442 488 552 566 campis
575 486 676 562 rubor,
699 505 838 566 armaque
862 495 891 549 et
912 506 995 550 acres

180 579 288 654 sponte
309 590 363 633 sua
385 579 538 651 strepuere
560 572 657 633 tubae.
701 573 778 632 hlars
799 591 903 634 saevus
925 573 961 634 ab
983 572 1048 633 altis

177 652 285 719 ‘hostis
307 651 356 730 io,’
381 656 545 718 conclamat
566 656 651 735 equis
670 649 760 736 ‘agite
781 658 831 731 ite,
854 653 1053 737 propinquat,'

178 763 212 806 ac
234 743 322 805 simul
344 740 414 802 hinc
437 740 570 816 Colchos,
593 740 663 802 hinc
683 741 781 803 tundit
803 742 834 803 in
856 761 984 822 aequora
1007 743 1127 806 Persen.
1193 752 1224 804 30

179 833 264 906 [tuuc
286 845 359 908 gens
381 843 516 905 quaeque
538 826 601 887 suis
622 827 769 888 commisit
791 827 902 907 proelia
923 828 999 900 telis,

178 932 294 992 voxque
316 913 364 973 dei
385 911 497 991 pariter
517 929 633 990 pugnas
655 911 751 972 audita
773 930 828 991 per
849 915 973 989 omnesl.

221 997 299 1058 Hinc
320 1015 373 1076 age
396 996 527 1075 Rhipaeo
550 1013 625 1074 quos
648 995 753 1057 rideris
776 997 847 1057 orbe
868 998 996 1072 furores,

179 1083 273 1156 llusa,
296 1099 401 1155 mone;
423 1087 534 1160 quanto
558 1080 706 1161 Scythiam
727 1081 879 1142 molimine
902 1082 1007 1144 Perses

179 1167 332 1242 condierit,
355 1165 422 1245 quis
442 1166 536 1226 lretus
558 1166 642 1245 equis
664 1184 720 1245 per
741 1166 816 1227 bella
839 1166 977 1245 virisque.
1192 1176 1223 1228 35

150 1257 155 1264 “
179 1270 283 1313 verum
305 1269 359 1330 ego
383 1269 439 1311 nec
461 1268 585 1311 numero
607 1269 769 1312 memorem
791 1269 847 1311 nec
870 1252 990 1312 nomine
1012 1259 1136 1312 cunctos

177 1337 258 1398 mille
279 1335 325 1397 rel
347 1353 399 1396 ora
420 1353 557 1409 morens3
581 1353 679 1414 neque
701 1335 781 1396 euim
802 1335 887 1414 plaga
910 1337 1047 1414 gentihus
1070 1337 1128 1398 ulla

179 1421 282 1483 ditior:
306 1429 425 1481 aeterno
449 1437 626 1499 quamquam
647 1420 771 1481 hlaeotia
793 1419 887 1500 pubes

177 1506 269 1568 blarte
292 1505 382 1579 cadat,
405 1505 509 1584 pingui
532 1523 695 1584 numquam
716 1513 813 1566 tamen
835 1505 928 1566 ubere
949 1504 1026 1580 defit,

178 1591 258 1670 quod
280 1589 411 1670 geminas
433 1597 539 1664 arctos,
561 1607 760 1669 magnumque
783 1590 863 1668 quod
884 1589 996 1669 inpleat
1017 1605 1154 1669 anguem.
1191 1600 1223 1651 4ο

178 1694 249 1755 ergo
272 1676 362 1737 duces
384 1676 530 1752 solasque,
553 1675 633 1749 deae,
655 1675 727 1734 mihi
750 1674 877 1754 promite
903 1682 1014 1752 gentos.

220 1759 339 1822 Miserat
359 1759 504 1833 ardentes,
527 1777 596 1819 mox
617 1760 681 1838 ipse
703 1767 832 1832 secutus,
856 1758 964 1818 Alanos

180 1845 409 1923 Heniochosque
431 1853 531 1905 turcos
553 1844 611 1904 iam
633 1843 748 1923 pridem
770 1843 905 1904 intensus
928 1843 1065 1918 Anausis,

178 1939 262 2010 pacta
284 1931 364 2008 quod
387 1929 500 1990 Albano
521 1928 651 1990 coniunx
673 1929 774 1989 Medea
796 1935 938 2006 tyranno;

177 2016 297 2076 nescius
318 2016 387 2088 heu,
411 2014 512 2093 quanti
534 2014 676 2074 thalamos
697 2013 856 2074 ascendere
877 2013 1003 2073 monstri

177 2100 281 2161 arserit
303 2106 390 2178 atque
413 2098 502 2160 urbes
524 2107 641 2159 maneat
662 2099 714 2177 qui
736 2105 833 2159 terror
854 2097 993 2174 Achaeas,

178 2185 288 2264 gratior
309 2184 373 2264 ipse
395 2184 456 2244 deis
479 2183 609 2262 orbaque
630 2183 745 2244 beatior
765 2183 839 2244 aula.

177 2270 310 2350 proxima
332 2267 448 2328 llisaltis
469 2268 547 2346 legio
570 2269 734 2346 ductorque
758 2268 888 2341 Colaxes,

179 2355 300 2433 sanguis
323 2361 351 2415 ot
373 2353 438 2432 ipse
461 2354 557 2426 deum,
582 2353 726 2431 Scythicis
749 2346 838 2430 quem
860 2351 996 2430 luppiter
1016 2350 1078 2411 oris

177 2439 337 2519 progenuit
359 2437 479 2498 viridem
501 2437 638 2516 Myracen
661 2436 858 2515 Tibisenaque
880 2435 960 2496 iuxta

177 2524 261 2598 ostia,
284 2523 421 2584 semifero
443 2522 576 2600 (dignum
599 2522 623 2582 si
646 2522 776 2597 credere)
800 2528 902 2600 captus

178 2627 312 2688 corpore,
336 2625 391 2668 nec
415 2608 561 2687 nymphae
584 2608 717 2686 geminos
740 2606 893 2668 exhorruit
914 2623 1035 2683 angues.

177 2701 284 2754 cuncta
305 2693 433 2772 phalanx
455 2693 571 2771 insigne
593 2692 669 2753 lovis
691 2692 858 2770 caelataque
881 2698 976 2769 gestat

176 2778 306 2856 tegmina
328 2777 477 2856 dispersos
499 2777 604 2837 trifidis
625 2776 780 2836 ardoribus
803 2777 902 2853 ignes3

176 2882 232 2924 nec
253 2863 368 2942 primus
390 2861 496 2935 radios,
519 2861 603 2921 miles
626 2861 765 2933 Romane,
789 2858 906 2919 corusci
958 2889 961 2896 ·

175 2947 308 3008 lulminis
330 2954 359 3008 et
380 2946 484 3006 rutilas
505 2945 597 3006 scutis
619 2943 770 3005 diffuderis
792 2943 860 3004 alas

177 3033 301 3111 insuper
322 3038 439 3092 auratos
462 3030 621 3108 collegerat
641 3029 705 3109 ipse
726 3029 879 3103 dracones,

176 3117 277 3178 matris
300 3115 397 3176 Horae
419 3116 579 3194 specimen,
602 3114 773 3192 linguisque
795 3112 934 3173 adversus
957 3111 1107 3188 utrimque

176 3201 314 3281 congruit
336 3209 365 3262 et
384 3201 470 3261 tereti
492 3216 615 3279 serpens
637 3199 687 3259 dat
706 3198 828 3258 vulnera
851 3193 998 3275 gemmae:

176 3287 280 3347 tertius
304 3285 452 3347 unanimis
474 3285 596 3346 veniens
618 3301 685 3344 cum
707 3281 826 3343 milibus
849 3280 969 3341 Auchus
1190 3288 1221 3338 60

177 3371 347 3433 Ciuunerias
369 3377 496 3430 ostentat
518 3387 599 3448 opes,
623 3369 672 3429 cui
694 3367 836 3428 candidus
859 3366 928 3426 olim

158 3569 199 3607 vv.
213 3558 249 3608 1³1
277 3561 302 3606 et
320 3557 351 3607 32
378 3569 437 3604 cum
462 3555 519 3604 hoo
538 3553 594 3603 loeo
612 3554 699 3618 inepti
715 3553 770 3600 rint
783 3549 930 3614 cademque
947 3551 1078 3600 sententia
1097 3548 1169 3613 lega-

100 3623 139 3670 lar
154 3638 193 3676 oo.
206 3626 254 3676 178
274 3629 301 3673 et
318 3624 381 3688 182,
404 3627 482 3687 poeta
502 3635 609 3672 carmen
626 3624 823 3670 retractaturus
841 3620 899 3668 rina
918 3617 997 3667 dudio
1017 3617 1167 3676 delevisse&

101 3703 173 3750 quam
196 3693 228 3742 od
252 3705 308 3742 raon
331 3692 409 3740 uncis
435 3705 478 3739 eor
496 3689 601 3740 inolent.
619 3715 653 3726 -
671 3691 697 3738 et
715 3699 832 3752 quaeque
847 3701 885 3750 n,
909 3689 935 3754 ct
952 3683 1062 3751 quisque
1088 3682 1166 3747 Bur,

99 3767 155 3818 gens
171 3775 286 3826 quaeque
309 3755 363 3811 Me.
382 3759 438 3820 (tl;
464 3756 514 3817 cfr.
534 3754 597 3806 Luc.
617 3754 670 3818 Vll,
688 3757 722 3818 5).
745 3781 780 3792 -
803 3753 876 3806 terris
892 3769 920 3815 π,
939 3751 996 3802 telis
1014 3753 1046 3806 Α.
1128 3755 1168 3805 33.

100 3819 164 3877 Nunc
179 3825 229 3880 Ha.
299 3829 341 3878 48.
360 3825 466 3877 hisaltae
484 3840 513 3888 a,
529 3823 636 3874 hisaltae
654 3837 695 3886 m,
712 3821 815 3874 Bisaltia
836 3821 896 3872 Sol.
916 3849 945 3858 -—
961 3820 1033 3888 regio
1051 3837 1079 3884 π,
1097 3821 1165 3888 legio

101 3888 132 3940 W·
198 3899 240 3949 56.
259 3893 407 3946 diffunderis
425 3909 453 3958 π,
471 3891 602 3944 diffuderis
620 3889 654 3944 B.
726 3893 768 3943 60.
788 3889 892 3940 Auchus
910 3887 934 3938 J.
