2780 4350
206 211 265 274 144
631 211 657 262 (l.
675 208 793 262 valffl
808 208 920 262 mccl

287 375 385 449 portat
405 365 504 439 iners;
526 365 644 426 tandem
667 364 782 442 gravius
803 364 919 442 mugire
940 363 1074 424 residens

287 452 392 532 incipit
413 459 443 512 et
462 451 541 512 sesso
563 449 657 510 victus
679 449 858 510 descendere
880 465 984 509 cornu.

286 536 410 617 respicit
429 536 500 596 hine
522 535 628 608 socios,
651 533 779 594 inmania
800 533 916 594 vincrda
938 551 1075 612 poscens,

289 621 459 696 Aesonides,
482 621 599 699 iamque
621 636 672 680 ora
693 618 801 699 premit
821 618 1006 695 trahiturque
1027 617 1189 698 bebiique,

290 706 476 784 obnixusque
498 722 577 783 genu
599 711 727 783 superat,
750 703 888 783 cogitque
910 711 1069 764 trementes
1290 713 1336 765 595

291 792 346 852 sub
368 791 436 871 iuga
457 809 530 852 aena
551 797 643 850 toros.
687 788 776 850 alium
799 787 907 849 dehinc
928 787 1046 849 turbida
1069 786 1187 850 Colchis

291 884 419 938 exarmat
438 875 612 954 lentumque
634 875 720 936 offert
741 873 901 952 timideque
923 872 1094 948 minantem,

288 963 404 1041 iamque
426 960 639 1040 propinquanti
659 965 778 1020 noctem
799 958 937 1038 inplicat;
960 957 1009 1017 ille
1030 956 1171 1019 fatiscens

289 1047 320 1106 in
343 1053 432 1125 caput
452 1045 545 1123 inque
566 1062 685 1106 umeros
707 1043 771 1124 ipsa
792 1044 820 1104 ri
841 1042 928 1104 molis
950 1049 979 1102 et
1000 1042 1060 1102 irae

288 1130 420 1211 proruit3
442 1128 552 1191 invadit
572 1137 710 1208 totusque
733 1127 877 1188 incumbit
897 1126 984 1188 lason

288 1217 416 1294 desuper
437 1216 532 1294 adque
554 1214 616 1274 suis
638 1215 765 1275 defixum
785 1212 903 1273 flatibus
924 1218 1039 1290 urguet

288 1308 380 1379 utque
402 1300 483 1362 dedit
501 1298 606 1360 vinclis
627 1299 780 1376 validoque
803 1295 959 1358 obstrinxit
980 1303 1086 1370 aratro,

289 1385 410 1446 suscitat
430 1385 495 1464 ipse
517 1402 597 1463 genu
619 1401 761 1462 saevaque
783 1381 843 1460 agit
864 1381 987 1460 iusuper
1009 1381 1101 1455 hasta,

288 1487 350 1530 uon
372 1487 458 1530 secus
479 1487 496 1528 a
517 1468 614 1528 medio
637 1485 724 1546 quam
747 1467 772 1528 si
793 1464 907 1527 telluris
928 1465 1010 1527 hiatu

286 1562 368 1633 terga
389 1551 517 1616 recentis
539 1551 608 1630 oqui
629 1551 818 1632 primumque
839 1550 944 1612 invasit
964 1549 1087 1612 habenis

289 1656 425 1700 murmur
446 1637 526 1699 etin
550 1655 663 1698 summa
684 1635 823 1716 Lapithes
844 1635 981 1715 apparuit
1003 1633 1085 1695 Ossa.

331 1723 384 1786 llle
405 1724 485 1785 velut
507 1741 626 1802 campos
647 1721 754 1801 Libyes
775 1740 809 1782 ac
830 1719 953 1800 pinguia
974 1719 1031 1780 Nih

288 1809 394 1870 fertilis
416 1827 482 1870 arva
504 1815 593 1883 secet,
615 1807 703 1887 plena
724 1805 768 1867 sic
790 1805 902 1867 semina
923 1806 1022 1866 dextra
1102 1862 1119 1878 ,

288 1912 427 1973 spargere
450 1893 556 1972 gaudet
576 1892 654 1970 agris
677 1898 837 1969 oneratque
859 1889 973 1950 novalia
993 1887 1080 1949 bello.

287 1978 409 2041 blartius
430 1977 480 2038 hic
500 1978 630 2056 primum
651 1984 697 2038 ter
717 1994 834 2037 vomere
855 1975 940 2035 fusus
961 1974 998 2034 ab
1019 1973 1084 2051 ipso

288 2064 409 2141 clangor
431 2069 460 2122 et
481 2080 517 2121 ex
538 2061 619 2121 omni
640 2069 807 2122 sonuerunt
828 2078 940 2121 cornua
961 2058 1059 2130 sulco;

289 2145 423 2208 bellatrix
444 2153 517 2206 tunc
539 2145 622 2224 gleba
644 2145 725 2224 quati
746 2144 915 2225 pariterque
937 2142 1030 2204 creari

289 2232 455 2312 armarique
476 2231 603 2311 phalanx
623 2230 751 2309 totisque
774 2229 929 2307 insurgere
950 2225 1070 2307 eampis.

287 2317 376 2380 cessit
397 2325 426 2380 et
446 2317 483 2378 ad
504 2316 601 2377 socios
622 2315 743 2395 paulum
765 2333 797 2376 se
818 2313 930 2375 rettulit
950 2314 1037 2374 heros

289 2402 457 2482 opperiens,
480 2401 531 2462 ubi
553 2399 649 2480 prima
670 2400 726 2461 sihi
748 2399 829 2460 daret
850 2397 965 2476 agmina
987 2396 1083 2458 tellus.

289 2495 408 2547 atvero
431 2492 464 2545 ut
485 2485 608 2546 summis
630 2485 688 2545 iam
709 2502 778 2544 rura
800 2484 938 2545 recedere
960 2481 1057 2544 cristis

287 2569 358 2629 vidit
380 2577 408 2629 et
429 2568 534 2629 infesta
556 2567 702 2628 vibrantes
725 2568 836 2630 casside
858 2575 960 2642 terras,

287 2652 400 2714 advolat
421 2659 509 2731 atquc
531 2651 590 2713 imo
612 2651 699 2712 tellus
721 2670 780 2730 qua
801 2653 933 2732 proxima
954 2651 1030 2712 collo

288 2739 416 2800 necdum
437 2736 532 2798 umeri
554 2736 651 2798 videre
674 2736 750 2798 diem
772 2737 855 2816 prior
875 2755 946 2799 cnse
968 2734 1086 2814 sequaci

287 2831 392 2904 aequat
412 2824 504 2886 humo
526 2829 664 2896 truncos3
686 2821 808 2883 rutilum
829 2822 950 2884 thoraca
970 2818 1106 2899 sequenti

287 2915 338 2971 aut
358 2908 468 2988 primas
490 2927 506 2968 a
527 2917 619 2969 matre
640 2926 746 2969 manus
768 2906 875 2986 premit
897 2906 999 2966 obvius
1021 2913 1097 2965 ante.

287 3012 343 3054 nec
364 2992 457 3072 magis
478 2998 529 3052 aut
550 2991 608 3052 illis
629 3000 679 3054 aut
701 2992 758 3053 illis
780 2991 899 3053 milibus
921 2991 998 3052 ultra

287 3076 405 3152 sufficit,
428 3075 464 3137 ad
486 3075 565 3136 dirae
587 3094 676 3154 quam
697 3095 765 3138 cum
787 3075 958 3156 Tirynthius
979 3074 1087 3154 hydrae

285 3160 402 3240 agmina
423 3159 566 3220 Palladios
588 3159 721 3222 defessus
742 3161 862 3241 respicit
882 3161 975 3240 ignes.

286 3262 356 3324 ergo
378 3245 485 3306 iterum
507 3245 543 3304 ad
565 3244 659 3306 socias
681 3254 850 3307 convertere
873 3245 1027 3308 Colchidos
1049 3250 1136 3318 artes,

288 3337 318 3392 et
340 3328 438 3408 galeae
461 3347 553 3391 nexus
575 3347 609 3391 ac
625 3330 746 3391 uincula
768 3330 890 3411 dissipat
911 3330 994 3404 imae,

288 3420 502 3493 cunctaturque
523 3422 621 3476 tamen
643 3415 756 3495 totique
778 3433 935 3477 occurrere
956 3415 1034 3476 bello

285 3501 350 3580 ipse
371 3498 468 3578 cupit3
491 3518 559 3579 spes
581 3500 661 3562 nulla
683 3501 778 3576 datur,
801 3500 843 3561 sie
865 3499 997 3578 undique
1019 3500 1144 3561 densant

286 3583 453 3663 terrigenae
474 3583 531 3644 iam
553 3584 636 3664 signa
658 3587 757 3660 duces,
780 3585 948 3664 clamorque
970 3585 1126 3662 tubaeque.

268 3790 326 3840 591.
344 3786 464 3838 recedens
481 3801 509 3850 n,
527 3783 639 3837 residens
659 3784 703 3838 Gr.
722 3785 750 3851 tl,
770 3788 819 3851 tr).
889 3788 947 3838 604.
964 3799 995 3838 ac
1011 3799 1039 3850 π,
1058 3799 1072 3836 a
1094 3781 1140 3836 Th.
1212 3783 1269 3838 609.

201 3854 252 3906 acri
268 3871 297 3919 π,
313 3854 380 3920 agris
398 3851 450 3905 Ma.
521 3853 580 3905 620.
597 3855 733 3905 truncum?
750 3880 785 3892 -
802 3853 932 3918 sequentis
948 3849 972 3904 J.
1059 3854 1067 3870 ⁸
